1804 3088
882 186 940 231 12

173 317 260 361 Gfr.
292 317 348 361 11.·
376 319 424 370 θ,
456 317 549 361 402
579 330 673 373 sqq.
725 317 950 374 Ejusmodi
981 318 1106 362 minis
1127 317 1332 362 deterrita
1351 318 1488 374 Juno,
1511 331 1642 374 quum

170 402 218 433 se
281 392 434 433 eontra
483 388 606 433 Jovis
667 392 926 446 potestatem
987 389 1092 433 nihil
1153 390 1301 434 valere
1360 389 1641 448 intellegeret,

170 462 423 518 plerumque
454 461 508 505 ab
540 462 712 518 incepto
745 461 927 519 destitit3
975 475 1129 506 revera
1150 467 1293 507 autem
1315 468 1481 520 poenas
1501 463 1556 507 ab
1589 476 1643 507 ea

169 533 424 591 repetivisse
456 533 611 577 Jovem
643 545 868 591 nusquam,
916 538 1099 592 excepto
1129 534 1204 578 illo
1235 534 1346 592 loeo,
1385 534 1459 592 qui
1487 534 1643 592 legitur

169 607 220 650 Il.
260 623 299 660 o,
341 608 410 651 18.
449 606 658 650 invenias.
722 607 865 660 Aliam
904 620 1007 651 vero
1040 607 1156 652 viam
1194 620 1281 663 qua
1318 607 1484 665 majore
1513 607 1643 653 viae

171 692 376 724 successu
406 678 547 723 mariti
585 678 774 724 consiliis
804 678 1022 725 resisteret
1049 679 1203 737 regina
1232 678 1411 724 deorum
1448 693 1641 724 nonnun-

170 765 300 808 quam
330 752 529 808 ingressa
560 755 639 795 est.
702 751 848 809 Saepe
879 752 992 796 enim
1023 766 1120 796 eum
1145 753 1345 810 Neptuno
1369 756 1413 796 et
1432 752 1639 808 Minerva,

169 828 216 867 ut
248 837 394 868 eorum
427 836 561 881 opera
596 822 642 866 id
681 822 797 879 quod
834 823 932 880 ipsa
968 836 1049 868 nee
1088 824 1133 868 vi
1162 836 1244 868 nee
1275 822 1429 868 fraude
1459 822 1642 880 adipisci

168 900 351 953 poterat,
399 899 719 951 assequeretur,
768 895 1039 952 conjunctam
1085 895 1338 941 invenimus.
1416 895 1641 952 Neptunus

172 968 300 1022 enim,
332 971 380 1010 ut
411 966 470 1010 ad
501 980 600 1010 eum
632 966 937 1022 transgrediar,
979 967 1049 1022 qui
1081 980 1167 1010 non
1198 967 1337 1010 minus
1368 979 1498 1022 quam
1528 967 1640 1010 Juno

168 1038 325 1083 infesto
343 1042 438 1082 erat
458 1038 503 1082 in
525 1037 737 1096 Trojanos
761 1037 916 1094 animo,
950 1037 1065 1094 quod
1088 1037 1393 1083 Laomedontis
1415 1036 1641 1095 perfidiam

168 1110 359 1154 nondum
390 1110 546 1154 oblitus
578 1114 684 1166 erat,
721 1110 820 1154 Jovi
849 1109 1095 1167 superbiam
1126 1114 1170 1154 et
1190 1109 1482 1167 arrogantiam
1509 1123 1641 1154 ausus

168 1187 236 1227 est
267 1181 531 1240 exprobrari,
571 1185 700 1238 atque
740 1181 835 1238 ejus
867 1181 1058 1239 consilia,
1098 1186 1247 1240 utpote
1283 1181 1435 1239 quibus
1465 1181 1639 1227 modum

168 1255 395 1312 potestatis
440 1254 683 1310 exeederet,
729 1253 938 1311 impedire
970 1259 1149 1298 conatus
1188 1258 1281 1298 est.-
1330 1254 1413 1306 Qui
1443 1254 1639 1310 quamvis

167 1327 288 1370 illum
326 1326 521 1370 omnibus
559 1325 639 1370 diis
675 1326 1032 1383 praestantiorem
1072 1339 1170 1370 esse
1208 1325 1420 1370 concedat
1457 1324 1554 1385 (eft.
1586 1326 1637 1370 Il.

168 1402 216 1451 θ,
266 1397 374 1456 210)
411 1403 558 1441 tamen
598 1411 726 1453 quum
766 1398 821 1441 ab
859 1397 992 1454 Iride,
1037 1411 1167 1454 quam
1204 1397 1404 1455 Juppiter
1446 1397 1505 1441 ad
1541 1410 1639 1442 eum

167 1471 364 1527 miserat,
413 1483 438 1513 e
482 1482 629 1527 pugna
675 1468 925 1527 proelioque
970 1468 1193 1515 discedere
1232 1469 1471 1528 juberetur,
1518 1469 1640 1515 Jovis

168 1543 414 1599 superbiam
451 1555 583 1597 aegre
619 1541 763 1586 ferens
800 1554 850 1586 se
884 1541 982 1598 pari
1021 1541 1183 1586 honore
1220 1546 1350 1598 atque
1385 1541 1505 1585 illum
1542 1555 1640 1587 esse

167 1610 377 1671 gloriatus
424 1617 510 1670 est3
565 1612 644 1657 sibi
691 1613 805 1657 enim
843 1613 973 1657 maris
1018 1613 1263 1671 imperium,
1310 1613 1410 1658 Jovi
1451 1614 1640 1659 eoeleste

168 1701 348 1744 regnum
379 1689 493 1730 sorte
527 1685 723 1730 evenisse
756 1689 799 1729 et
820 1685 1046 1730 Plutonem
1077 1686 1197 1744 apud
1226 1685 1386 1731 inferos
1405 1685 1638 1744 imperare3

168 1765 328 1804 terram
372 1771 475 1802 vero
527 1757 723 1802 omnibus
763 1770 861 1802 esse
888 1771 1168 1802 communem.
1234 1757 1341 1816 (Ofr.
1389 1758 1440 1802 11.
1481 1773 1506 1802 ο
1554 1760 1638 1803 168

168 1857 229 1864 -
246 1829 354 1889 200)
386 1830 693 1874 Verumtamen
729 1829 833 1874 Iridi
868 1830 1097 1875 obsecutus
1143 1834 1210 1876 est
1253 1830 1321 1876 his
1364 1831 1506 1876 verbis
1542 1843 1640 1877 eum

169 1901 437 1948 admonenti:

322 1970 466 2028 0209ss
500 1971 556 2024 ὥς
585 1976 947 2032 πρεσβυτέροισιν
978 1972 1175 2032 Ἐρινύες
1205 1973 1301 2019 αἰὲν
1330 1976 1528 2020 ἕπονται.

297 2046 419 2099 Idem
464 2045 591 2103 deus,
638 2046 710 2102 qui
753 2059 834 2090 sua
876 2046 1070 2105 potentia
1112 2047 1329 2093 eoneussit
1368 2052 1548 2105 terram,
1594 2053 1642 2093 ut

171 2125 339 2164 montes
392 2119 681 2164 tremefierent
694 2152 706 2176 ,
768 2123 811 2162 et
865 2119 990 2163 Pluto
1046 2132 1101 2163 ne
1166 2124 1282 2164 terra
1333 2119 1640 2178 diffinderetur,

171 2194 351 2250 timeret,
398 2192 566 2249 Jovem,
615 2191 687 2248 qui
735 2203 832 2236 eum
868 2191 965 2251 ipse
1001 2191 1302 2251 πρεσβύτατυν
1347 2192 1423 2238 καὶ
1459 2192 1641 2254 ἄριστον

173 2265 351 2309 deorum
380 2264 571 2322 profiteri
608 2277 696 2308 non
735 2263 958 2321 dubitavit,
998 2277 1167 2309 summa
1202 2265 1349 2310 affecit
1383 2266 1643 2311 verecundia

173 2342 217 2382 et
254 2336 468 2395 praestitit
513 2336 553 2380 ei
590 2335 756 2393 officia,
812 2336 965 2392 quibus
1010 2349 1059 2381 se
1094 2337 1206 2382 Jove
1251 2336 1494 2383 inferiorem
1545 2351 1643 2384 esse

173 2410 280 2453 satis
312 2407 569 2453 ostenderet.
637 2407 836 2466 Juppiter
885 2408 1013 2466 enim,
1057 2412 1104 2453 ut
1150 2410 1395 2468 exemplum
1446 2410 1640 2469 afferam,

174 2495 304 2538 quum
336 2481 392 2525 ab
423 2480 505 2525 Ida
541 2484 685 2525 monte
717 2479 775 2524 ad
797 2479 1029 2539 Olympum
1049 2485 1200 2527 veetus
1222 2486 1350 2540 esset,
1384 2495 1518 2539 equos
1548 2482 1643 2542 ejus

174 2553 358 2599 solvisse
381 2565 634 2610 currumque
655 2553 700 2598 in
721 2553 997 2610 suggestibus
1017 2554 1215 2613 posuisse
1236 2554 1390 2600 dieitur
1402 2555 1640 2614 Neptunus.

296 2625 530 2683 Aliquanto
567 2638 670 2671 vero
706 2625 853 2683 plures
896 2639 1026 2683 quam
1069 2640 1166 2672 eum
1203 2626 1336 2673 fratre
1370 2627 1470 2674 Jovi
1511 2627 1645 2675 fuisse

174 2699 374 2744 videntur
405 2698 683 2743 difficultates
710 2712 807 2744 eum
821 2699 1028 2756 Minerva,
1060 2699 1152 2745 filia
1172 2704 1332 2745 amata.
1386 2700 1510 2746 Haeo
1532 2700 1645 2746 enim

174 2786 263 2817 una
284 2777 363 2829 est,
397 2785 527 2829 quam
542 2784 848 2827 nonnunquam
875 2772 922 2816 in
939 2772 1118 2817 coneilio
1132 2771 1312 2818 deorum
1325 2772 1425 2818 Jovi
1439 2773 1645 2819 restitisse
