1804 3088
857 174 925 221 381

244 320 301 357 ως
328 306 415 369 γάρ
446 307 494 351 οἱ
519 304 651 366 μοῖρ’,
667 305 764 352 ἐστὶ
790 307 945 364 φίλους
974 305 1011 352 τ’
1041 305 1176 354 ἰδέειν
1206 308 1282 354 καὶ
1310 310 1486 356 ἱκέσθαι

243 373 368 423 οἶκον
400 378 444 429 ἐς
473 376 715 439 ῦψόφορον
745 378 821 424 καὶ
850 379 938 440 ἑὴν.
959 379 1002 431 ἐς
1025 381 1222 441 ,πατρίδα
1252 386 1381 438 γαῖαν

152 451 305 509 quibus
342 465 400 497 ex
435 451 578 497 verbis
617 462 716 497 meo
754 451 928 510 quidem
959 451 1123 511 judicio
1160 454 1306 511 colligi
1341 462 1427 500 non
1465 461 1622 516 potest,

151 524 308 584 Jovem
338 536 393 568 ea
423 536 537 580 quae
560 522 702 568 -fatum
734 524 943 582 statuerit,
974 523 1212 583 perficere,
1253 526 1480 585 perspicue
1504 528 1624 575 >enim

153 596 299 641 docuit
335 596 568 654 Homerus,
609 595 718 642 deos
752 597 799 643 in
844 596 1051 644 concione
1088 596 1346 656 decrevisse,
1389 603 1438 644 ut
1472 600 1624 648 Ulixes

152 669 196 713 in
227 669 413 727 patriam
444 668 621 714 rediret:

153 740 242 786 Gfr.
276 740 359 787 od.
393 757 436 796 α,
471 742 548 786 16:

300 811 396 859 ἀλλ’
426 810 501 859 ὅτε
530 813 587 874 δή
619 815 713 865 ἔτος
742 802 855 874 ἦλθε
884 815 1222 874 περιπλομένων
1253 814 1467 862 ἐνιαυτῶν

300 886 364 944 τῷ
394 887 441 931 οἱ
469 886 773 933 ἐπεκλώσαντο
803 886 906 932 θεοὶ
937 885 1112 933 οἶκόνδε
1140 890 1322 933 νέεσθαι

155 963 199 1003 et
224 958 325 1003 ibid.
356 960 429 1004 82.
459 959 681 1019 respondit
695 959 890 1005 Minerva
904 960 1003 1006 Jovi
1023 960 1068 1005 in
1088 959 1264 1005 deorum
1282 961 1494 1021 contione,
1522 976 1625 1021 quo-

154 1031 282 1077 modo
311 1032 464 1078 Ulixes
494 1033 539 1077 in
569 1033 755 1091 patriam
785 1032 957 1090 rediret,
990 1032 1262 1078 deliberanti:

300 1103 342 1149 εῑ
371 1104 454 1160 μὲν
485 1104 541 1164 δή
571 1105 654 1149 νῦν
684 1104 813 1148 τοῦτο
847 1105 979 1161 φίλον
1009 1103 1251 1164 μακάρεσσι
1280 1108 1454 1152 θεοῖσιν

300 1176 513 1236 νοστῆσαι
542 1174 736 1236 Ὀδυσῆα
768 1210 778 1220 .
813 1210 823 1220 .
859 1210 869 1220 .
905 1210 914 1220 .

274 1249 427 1307 Itaque
460 1249 695 1295 Mercurius
726 1262 897 1307 quoque
920 1249 1169 1308 priusquam
1199 1249 1408 1297 mandata
1436 1251 1628 1311 referret,—

154 1334 210 1366 ne
226 1320 337 1367 forte
358 1322 550 1382 Calypso
571 1322 802 1380 resisteret,
831 1321 960 1368 deam
983 1321 1039 1368 de
1059 1322 1181 1369 Jovis
1196 1324 1389 1381 potentia
1408 1324 1630 1371 admonuit

154 1394 222 1439 his
252 1394 414 1440 verbis:

301 1465 420 1512 α’λλοῖ
448 1466 551 1525 μαλ’
581 1465 635 1513 οὔ
665 1484 757 1519 πως
787 1468 878 1513 ἔστι
910 1467 1014 1519 Διός
1042 1467 1152 1513 νόον
1183 1466 1397 1524 αἰγιόχοιο

301 1537 405 1584 οὔτε
435 1540 726 1600 παρεξελθεῖν
759 1573 951 1584 .....

276 1612 375 1657 Huc
420 1617 524 1671 apte
568 1612 733 1658 referas
778 1613 921 1657 locum
965 1613 1016 1657 Il.
1064 1629 1106 1666 υ,
1145 1614 1249 1670 300,
1294 1613 1368 1657 ubi
1405 1613 1629 1672 Neptunus

157 1682 417 1729 vociferatur

219 1753 316 1801 ἄλλ’
346 1755 470 1813 ἄγεθ’
500 1756 625 1817 ἡμεῖς
653 1761 738 1816 πέρ
768 1773 846 1813 μιν
877 1754 951 1801 ὑπ’
980 1756 1028 1801 ἐκ
1058 1757 1260 1802 θανᾶτου
1290 1756 1521 1813 ἀγάγωμεν

215 1829 373 1891 μήπως
402 1828 477 1875 καὶ
508 1831 725 1892 Κρονίδης
753 1828 1060 1886 κεχολώσεται,
1091 1828 1141 1875 αἲ
1165 1845 1242 1883 κεν
1273 1827 1496 1887 Ἀχιλλεύς

220 1904 350 1948 τόνδε
379 1907 652 1965 κατακτείνῃ·
684 1905 877 1963 μόριμον
909 1905 961 1947 δέ
990 1905 1037 1948 οἱ
1065 1902 1152 1948 ἐστ’
1182 1901 1414 1949 ἀλέασθαι.

282 1976 447 2023 Ceteris
492 1977 605 2023 enim
652 1977 732 2023 diis
769 1989 899 2033 quum
943 1989 1073 2021 curae
1112 1981 1240 2034 esset,
1287 1977 1409 2023 Jovis
1456 1975 1635 2022 consilia

160 2050 352 2107 exsequi,
406 2053 454 2094 ut
505 2050 624 2108 pium
677 2050 872 2106 Aenean,
925 2048 1025 2095 Jovi
1079 2049 1345 2094 carissimum
1397 2052 1633 2104 servarent,

161 2122 386 2180 Neptunus
433 2122 539 2168 deos
583 2123 779 2168 hortatus
815 2126 895 2167 est.
958 2122 1110 2178 Itaque
1147 2122 1278 2179 Mars,
1325 2122 1398 2179 qui
1435 2121 1569 2166 filium
1607 2133 1636 2164 a

162 2207 269 2238 nece
307 2193 542 2239 defendere
585 2195 761 2240 volebat
803 2198 953 2239 contra
988 2193 1109 2239 Jovis
1147 2194 1383 2252 consilium,
1428 2193 1500 2250 qui
1536 2193 1635 2249 lege

162 2270 372 2324 vetuerat,
420 2265 527 2312 deos
566 2267 727 2312 auxilio
764 2258 917 2312 venire
958 2266 1283 2325 proeliantibus,
1329 2280 1386 2312 ne
1416 2265 1519 2325 quid
1563 2263 1636 2310 vel

162 2340 254 2385 irae
284 2341 356 2384 vel
387 2339 612 2398 cupiditati
649 2340 933 2397 indulgerent,
966 2339 1175 2384 auxilium
1207 2340 1247 2384 ei
1277 2340 1442 2385 laturus
1473 2337 1635 2394 metuit,

163 2426 219 2457 ne
251 2412 390 2471 aperti
421 2412 608 2458 criminis
643 2412 923 2470 gravissimas
960 2426 1127 2471 poenas
1158 2412 1264 2458 darc
1295 2411 1484 2458 deberet.
1546 2407 1651 2456 Ofrj

164 2486 214 2531 ΙΙ.
248 2502 287 2540 o,
322 2485 410 2530 115
441 2499 533 2543 sqq.

284 2557 484 2616 Juppiter
513 2558 654 2616 igitur,
688 2571 816 2616 quem
845 2557 936 2603 fato
958 2572 1045 2604 non
1075 2558 1272 2617 paruisse
1302 2549 1409 2603 satis
1440 2559 1636 2616 apparet,

165 2631 326 2691 optimo
352 2630 452 2690 jure
481 2631 536 2677 de
568 2645 616 2677 se
647 2631 875 2689 gloriatur:

288 2701 343 2748 οὖ
373 2703 456 2761 γάρ
490 2704 600 2762 ἐμόν
630 2703 951 2764 παλινάγρετον
983 2702 1076 2749 οὐδ’
1107 2702 1349 2764 ἀπατηλόν,

290 2776 383 2823 οὐδ’
413 2776 619 2838 α’τελεύτη
651 2777 728 2823 τόν
760 2776 809 2834 γ’,
842 2774 912 2823 ὅτι
937 2791 1014 2824 κεν
1029 2802 1030 2805 “
1045 2777 1217 2838 κεφαλῇ
1246 2775 1510 2825 κατανεύσω.
