1804 3088
867 131 927 181 86

166 263 489 312 deliberandam
525 263 766 321 proposuit,
806 263 928 320 cujus
965 265 1106 319 qualis
1142 265 1306 310 futurus
1351 268 1406 312 sit
1444 274 1623 314 eventus

165 336 282 384 haud
325 336 507 391 ignorat.
586 334 638 379 Id
683 339 826 379 autem
871 335 1009 392 ipsum
1022 369 1032 386 ‚
1075 336 1189 392 quod
1235 350 1281 380 re
1332 352 1435 382 vera
1480 340 1622 397 fiebat,

166 407 405 454 admirabili
435 405 621 462 quadam
655 406 889 450 calliditate
920 408 1090 464 agebat,
1137 413 1185 451 ut
1223 408 1332 452 deae
1364 410 1625 456 Graecorum

166 479 358 539 partibus
388 478 586 522 faventes
616 477 720 533 quid
751 477 843 522 fieri
874 479 1035 523 vellent
1066 480 1355 536 enuntia-rent,
1388 482 1481 537 jam
1514 484 1625 526 enim

163 565 242 597 suo
303 549 511 595 beneficio
574 554 617 595 et
679 550 883 606 obsequio
946 564 1031 595 non
1099 551 1236 595 solum
1282 552 1494 596 Junonem
1548 555 1627 599 sibi

164 622 399 677 obstrinxit,
461 621 540 667 sed
599 622 727 665 etiam
781 622 858 665 sibi
911 622 994 678 ipsi
1053 628 1339 678 opportunam
1397 625 1625 670 admodum

164 694 344 740 Achillis
396 693 561 750 gloriae
596 692 927 750 praedicandae
973 694 1079 740 fecit
1130 699 1408 752 potestatem,
1456 698 1528 752 qui
1572 712 1626 741 ne

164 766 292 812 laude
324 779 404 810 sua
433 765 674 821 privaretur
705 769 922 810 certamen
953 766 1149 809 renovari
1182 779 1291 822 opus
1313 772 1418 810 erat.
1467 767 1627 813 Omnes

163 838 291 895 igitur
331 836 434 881 illae
471 836 785 882 vicissitudines
829 836 1038 893 fortunae,
1085 836 1233 881 clades
1271 842 1315 882 et
1345 840 1626 896 calamitates,

164 909 314 965 quibus
349 907 394 951 id
433 908 632 952 effectum
669 912 754 963 est,
801 912 849 950 ut
885 908 1063 964 Trojani
1100 908 1161 964 ob,
1191 908 1390 965 injuriam
1428 911 1626 954 Menelao

162 974 328 1025 illatam
354 979 464 1025 Jove
502 984 717 1026 annuente
753 992 919 1037 poenas
955 980 1251 1037 persolverent
1288 986 1332 1028 et
1368 981 1626 1028 desiderium

162 1052 259 1096 irati
296 1052 475 1098 Achillis
513 1057 725 1107 notaeque
764 1053 858 1109 ejus
896 1052 1060 1096 virtutis
1097 1053 1140 1095 in
1180 1053 1443 1098 Graecorum
1475 1056 1627 1099 animis

163 1124 434 1180 excitaretur,
483 1123 703 1181 honosque
748 1123 848 1168 inde
899 1128 941 1168 et
982 1124 1120 1180 gloria
1157 1125 1200 1169 in
1233 1126 1451 1183 juvenem,
1500 1141 1625 1183 quem

163 1196 348 1241 maxime
396 1196 732 1252 praedicandum
779 1196 859 1239 sibi
895 1196 1117 1252 proposuit
1162 1201 1304 1254 poeta,
1352 1197 1624 1254 redundaret,

163 1281 192 1314 a
236 1267 357 1312 Jovis
412 1268 588 1313 oonsilio
641 1266 904 1324 repetendae
951 1272 1070 1324 sunt3
1117 1282 1219 1313 nam
1266 1268 1370 1320 Διὸς
1415 1270 1626 1315 ἐτελείετο

162 1339 312 1398 βουλή.
375 1339 462 1385 Cfr.
496 1338 577 1386 Od.
609 1342 658 1393 θ,
691 1340 769 1385 81;

307 1410 406 1456 τότε
438 1410 519 1470 γάρ
552 1408 607 1470 ῥα
636 1410 863 1455 κυλίνδετο
895 1409 1091 1469 πήματος
1122 1408 1237 1471 α’ρχή

314 1485 466 1542 Τρωσί
492 1499 539 1527 τε
568 1482 642 1526 καὶ
674 1484 887 1527 Δαναοῖσι
919 1482 1023 1532 Διὸς
1050 1484 1247 1539 μεγάλου
1280 1484 1354 1528 διὰ
1382 1485 1544 1542 βουλάς

163 1559 207 1599 et
236 1556 287 1600 ΙΙ.
321 1572 361 1615 ρ,
392 1557 496 1601 408.
530 1555 589 1600 ad
620 1555 692 1600 dei
721 1556 868 1613 magni
886 1555 1033 1616 νόημα
1053 1558 1145 1601 fata
1165 1557 1344 1602 Achillis
1366 1557 1623 1602 referuntur:

307 1628 498 1674 πολλάκι
529 1628 609 1687 γάρ
641 1628 741 1684 τόγε
768 1627 932 1687 μητρός
962 1627 1176 1674 ἐπεύθετο
1208 1628 1370 1685 νόσφιν
1402 1627 1579 1676 α’κούων

307 1696 336 1762 ἥ
367 1702 415 1746 οἶ
443 1698 760 1757 α’παγγέλλεσκε
792 1700 897 1751 Διός
926 1700 1136 1757 μεγάλοιο
1166 1700 1324 1760 νόημα.

281 1774 393 1819 Tota
437 1773 564 1830 igitur
608 1773 823 1819 hominum
871 1773 962 1819 vita
1007 1787 1135 1830 quum
1182 1773 1358 1819 deorum
1403 1788 1458 1818 ac
1501 1775 1623 1819 Jovis

161 1845 427 1902 potissimum
480 1844 752 1904 providentia
802 1849 1073 1903 temperetur,
1119 1845 1346 1902 futuraque
1391 1846 1535 1892 omnia
1579 1846 1623 1892 in

162 1929 307 1965 eorum
352 1921 568 1978 potestate
614 1931 668 1962 ac
712 1918 933 1962 voluntate
978 1917 1118 1974 posita
1165 1930 1261 1962 esse
1299 1916 1528 1962 credantur
1565 1943 1624 1951 —

162 1989 283 2034 θεῶν
314 1989 362 2034 ἐν
394 1990 574 2046 γούνασι
603 1994 743 2035 κεῖται
773 2015 833 2021 -
863 1989 1027 2034 miseris
1057 1988 1295 2035 hominibus
1326 1988 1409 2035 hoc
1437 1990 1624 2037 maxime

165 2068 232 2110 est
261 2064 528 2121 enitendum,
575 2069 622 2108 ut
657 2064 840 2120 gratiam
876 2064 1025 2108 ineant
1063 2077 1090 2106 a
1133 2063 1234 2120 diis,
1274 2076 1361 2119 qua
1398 2064 1626 2109 conciliata

164 2134 297 2181 vitam
337 2135 510 2183 beatam
560 2135 700 2181 securi
743 2135 918 2193 degant.
994 2136 1145 2193 Itaque
1198 2133 1313 2194 quod
1358 2136 1524 2181 summi.
1547 2135 1623 2181 dei

164 2208 383 2254 veneratio
436 2223 532 2254 cum
582 2209 733 2253 timore
783 2209 1015 2265 conjuncta
1070 2208 1222 2253 animis
1270 2208 1511 2253 mortalium
1560 2213 1625 2253 est

163 2277 332 2338 innata,
388 2281 588 2341 precibus
632 2279 793 2325 adeunt
835 2278 942 2324 deos
991 2279 1127 2338 iisque
1171 2279 1382 2326 sacrificia
1426 2279 1622 2340 offerunt,

163 2350 284 2398 Jovis
328 2366 522 2399 seorsum
564 2352 823 2398 mentionem
867 2351 1095 2408 facientes,
1148 2352 1217 2396 ubi
1261 2351 1365 2412 deos
1408 2351 1622 2397 invocant.

163 2423 276 2469 Nam
330 2425 483 2471 Jovem
547 2423 886 2483 potentissimum
948 2437 1045 2487 esse
1103 2437 1235 2485 supra
1284 2422 1485 2481 vidimus;
1557 2424 1625 2469 cui

162 2499 367 2554 potestati
401 2499 446 2541 in
477 2500 628 2543 statuis
658 2497 819 2541 fulmen
855 2497 975 2553 illud,
1023 2496 1138 2552 quod
1169 2496 1322 2540 dextra
1350 2500 1468 2539 tenet
1496 2500 1626 2552 atque

162 2567 271 2632 irato
320 2570 462 2616 animo
515 2570 560 2615 in
611 2570 817 2620 scelestos
862 2568 1062 2630 homines
1102 2567 1301 2625 demittit,
1363 2566 1626 2632 respondere

163 2640 350 2700 videtur,
404 2642 518 2687 unde
565 2656 699 2702 saepe
752 2639 1066 2702 ἀστεροπητής,
1123 2642 1469 2699 τερπικέραυνος,
1517 2638 1624 2699 ὑψι-

161 2715 383 2775 βρεμέτης,
435 2714 693 2775 ἐρίγδουπος
750 2713 878 2768 πόσις
916 2710 1063 2773 “Hem
1115 2712 1368 2759 nominatur.
1452 2712 1620 2770 Aegide
