1804 3088
843 160 901 205 14

135 309 234 341 eam
270 308 327 341 ex
363 294 502 353 patris
537 294 674 352 ipsius
713 293 856 354 capite
887 299 1035 340 natam
1073 295 1101 339 i.
1141 309 1180 340 6.
1218 296 1340 341 Jovis
1369 296 1608 354 potentiam

136 367 357 426 quandam
398 367 453 411 ab
500 366 596 425 ipso
635 380 734 412 esse
772 366 1024 426 sejunctam.
1094 369 1283 414 Mentem
1318 368 1448 426 igitur
1483 369 1609 426 quasi

137 456 194 486 ex
236 454 285 486 se
327 439 487 484 dimisit
531 443 676 496 pater,
730 453 860 496 quum
903 439 1020 495 quod
1063 440 1203 498 patrio
1243 441 1385 485 animo
1430 441 1607 499 placuit,

138 512 271 558 menti
301 504 457 569 vsaepe
508 510 793 569 perpendenti
848 525 934 556 non
979 511 1244 570 probaretur.
1324 513 1495 558 Etenim
1537 513 1610 570 qui

139 589 283 631 mente
329 584 478 641 utitur,
533 584 691 629 rectius
730 583 785 629 de
822 585 951 630 rebus
988 585 1218 643 propositis
1257 586 1369 631 solet
1397 585 1610 644 judicare,

141 671 271 716 quam
307 657 381 713 qui
407 656 549 714 *animi
586 657 842 702 sententiam
874 657 1076 714 sequitur,
1107 656 1225 702 unde
1255 657 1348 702 fieri
1376 657 1527 716 potuit,
1565 662 1613 702 ut

142 729 318 787 saepius
348 742 472 773 mens
501 728 723 773 Minervae
750 743 845 774 cum
883 729 1005 774 Jovis
1044 730 1189 773 animo
1219 734 1446 787 pugnaret,
1482 734 1613 785 atque

142 807 191 847 ut
221 802 389 845 animus
421 799 596 844 cederet
624 802 758 845 menti
789 801 881 846 sive
911 805 1038 859 pater
1066 800 1184 845 filiae
1213 798 1512 860 indulgeret⁷).

268 873 358 919 Sed
388 886 475 918 non
506 873 702 919 omnibus
732 874 776 918 in
807 874 935 918 rebus
961 878 1130 930 patrem
1151 873 1368 929 filiamque
1389 873 1614 918 dissentire

146 959 200 990 ac
255 944 480 989 discedere
525 957 655 1001 quum
710 945 774 990 rei
818 949 974 989 natura
1018 944 1164 1003 docet,
1217 948 1307 990 tum
1359 944 1625 1003 gravissimo·

147 1018 404 1064 documento
450 1022 517 1063 est
559 1022 652 1063 tota
689 1017 903 1076 Odyssea.
973 1018 1162 1063 Maxime
1209 1019 1323 1063 enim
1370 1033 1467 1063 cum
1505 1018 1616 1063 Jove

149 1090 367 1136 consensit
403 1089 598 1135 Minerva
633 1091 677 1134 in
707 1090 837 1135 Ulixe
873 1090 1153 1148 protegendo,
1193 1091 1266 1148 qui
1300 1094 1349 1135 ut
1383 1102 1617 1149 perpessus

147 1168 213 1209 tot
234 1162 518 1219 calamitates,
550 1163 703 1219 quibus
724 1164 949 1221 Neptunus
970 1177 1068 1207 eum
1088 1168 1341 1221 persecutus
1361 1168 1441 1220 est,
1472 1167 1619 1207 tamen

150 1235 318 1281 decimo
357 1247 471 1279 anno
510 1247 640 1292 quam
677 1236 812 1294 Troja
856 1239 973 1280 esset
1008 1239 1272 1293 expugnata,
1316 1234 1541 1280 incolumis
1569 1233 1621 1288 'jn

149 1307 335 1366 patriam
377 1307 558 1364 rediret,
606 1322 774 1353 summa
813 1321 897 1366 ope
938 1308 1036 1352 nisa
1077 1312 1156 1352 est.
1227 1308 1395 1352 Eadem
1431 1307 1621 1363 Herculi,

150 1380 385 1438 Eurysthei
427 1379 647 1424 laboribus
693 1380 868 1439 saepius
914 1379 1173 1437 defatigato,
1219 1392 1349 1436 quum
1391 1379 1623 1425 lacrimans

151 1453 320 1499 coelum
356 1452 557 1510 precibus
593 1452 745 1510 adiret,
791 1453 902 1498 Jove
939 1456 1134 1501 auctore,
1156 1452 1351 1497 Minerva
1392 1451 1624 1510 Olympum

153 1525 335 1583 reliquit,
369 1537 482 1582 quae
513 1523 646 1569 filium
677 1526 773 1584 ejus
804 1524 1034 1583 adjuvaret
1066 1523 1161 1584 (cfr.
1193 1525 1244 1570 ΙΙ.
1276 1527 1324 1579 θ,
1356 1523 1479 1583 364).
1527 1523 1625 1578 Qua

153 1600 198 1645 in
244 1595 477 1643 concordia
513 1597 635 1642 Jovis
680 1598 881 1654 filiaeque
918 1597 1138 1643 Minervae
1185 1612 1396 1642 summam
1439 1598 1625 1655 positam

155 1685 254 1718 esse
298 1674 559 1729 potestatem
604 1670 706 1715 inde
751 1670 938 1715 maxime
985 1674 1181 1728 apparet,
1229 1669 1346 1726 quod
1394 1669 1521 1714 ambo
1568 1668 1627 1713 dii

155 1745 276 1791 haud
333 1758 431 1789 raro
491 1744 752 1802 conjunctim
812 1746 1198 1787 commemorantur
1249 1747 1379 1799 atque
1428 1742 1628 1800 precibus

161 1817 393 1873 adeuntur3
426 1815 503 1860 cfr.
536 1817 586 1860 Il.
618 1818 667 1868 θ,
700 1816 786 1859 287
822 1813 871 1858 αἴ
897 1817 974 1858 κέν
1000 1829 1077 1870 μοι
1110 1813 1221 1865 Ζεύς
1251 1814 1341 1874 δώῃ
1371 1812 1408 1858 τ’
1438 1812 1629 1869 αἰγίοχος

162 1892 237 1938 καὶ
281 1890 450 1951 Ἀθήνη
458 1906 473 1942 ,·
534 1887 692 1946 Odyss.
740 1903 789 1941 π,
837 1888 895 1931 26
944 1903 981 1930 0.
1031 1886 1104 1931 καὶ
1152 1886 1322 1945 φροὶσαι
1361 1885 1478 1930 εἶκεν
1521 1884 1630 1929 νῶϊν

162 1964 333 2026 Ἀθήνη
378 1963 457 2008 σῦν
498 1961 572 2006 Διὶ
615 1960 749 2020 πατρὶ
788 1958 960 2020 ἀρκέσει
967 1977 984 2013 ,·
1039 1958 1120 2004 Οᾶ.
1170 1975 1218 2013 υ,
1263 1959 1337 2004 42.
1386 1957 1509 2017 εἴπερ
1547 1956 1629 2017 γᾶρ

163 2041 383 2094 κτείναιμι
415 2035 520 2087 Διός
557 2051 604 2080 τε
644 2038 777 2079 σέθεν
814 2050 861 2078 τε
893 2033 1026 2093 ἕὸιητι,
1074 2036 1117 2077 6ι
1146 2045 1283 2091 penes
1313 2045 1389 2078 eos
1420 2044 1631 2077 summum

165 2126 263 2158 esse
277 2110 503 2170 imperium
519 2109 752 2170 conspicue
773 2106 874 2152 dicit
888 2105 1188 2151 Telemachus.
1237 2104 1317 2150 Od.
1350 2121 1398 2159 π,
1431 2105 1518 2150 263
1537 2117 1631 2161 sqq.

229 2184 377 2232 ἐσθλώ
406 2198 475 2228 τοι
505 2181 645 2226 τούτω
677 2179 714 2238 y'
743 2179 1100 2238 ἐπαμύντορε,
1132 2178 1233 2229 τούς
1262 2175 1483 2237 ἀγορεύεις

230 2256 318 2318 ὕψι
348 2272 432 2315 περ
465 2255 513 2299 ἐν
544 2257 748 2311 νεφέεσσι
778 2256 1029 2312 καθημένω·
1064 2247 1159 2295 ὥτε
1188 2250 1273 2295 καὶ
1305 2249 1483 2299 ἄλλοις

232 2329 457 2388 α’νδρᾶσι
488 2343 543 2372 τε
572 2328 858 2385 κρατέουσι
886 2322 974 2369 καὶ
1005 2320 1331 2368 α’θανάτοισι
1361 2324 1590 2366 θεοῖσιν.

290 2404 526 2447 Praeterea
562 2413 649 2445 non
693 2400 831 2445 solum
867 2398 1081 2443 Homerus
1119 2397 1355 2442 Minervam
1392 2395 1503 2439 inter
1538 2405 1636 2450 gra-

169 2476 369 2523 vissimos
391 2479 434 2520 et
449 2472 768 2532 potentissimos
789 2473 985 2516 numerat
1005 2469 1125 2526 deos,
1158 2482 1186 2513 a
1217 2481 1301 2526 quo
1332 2464 1637 2526 ὀβριμοπάτρη

119 2552 121 2554 ’
173 2555 217 2596 6ι
254 2548 359 2600 Διός
403 2545 603 2606 θυγάτηρ
644 2547 823 2604 κυδίστη
865 2545 1149 2602 Τριτογένεια
1183 2541 1365 2597 aliisque
1399 2538 1639 2585 nominibus

173 2626 363 2678 ornatur,
396 2619 547 2676 quibus
569 2631 737 2663 summa
758 2616 852 2675 ejus
882 2619 1078 2674 potestas
1100 2614 1375 2672 exprimatur,
1408 2609 1488 2657 sed
1509 2610 1639 2655 etiam

271 2779 300 2826 ⁷)
326 2777 400 2816 Cfr.
426 2775 692 2823 Naegelsbach,
716 2774 823 2811 Hom.
849 2771 1048 2819 'theologie
1073 2782 1108 2819 p.
1138 2771 1209 2808 100
1233 2780 1312 2817 sqq.
