1804 3088
879 166 936 210 29

173 293 262 347 nixi
292 298 412 359 sunt}²
431 329 442 345 ,-,
457 296 690 344 Praeclara
709 296 839 354 ,enim
870 301 976 355 arte,
1015 312 1102 355 qua
1132 298 1237 342 nihil
1267 303 1358 343 tota
1389 300 1641 356 antiquitate

173 372 312 431 magis
349 370 622 426 admiramur,
667 368 710 413 in
750 383 802 414 eo
833 370 1067 414 maximam
1105 384 1281 428 operam
1317 376 1562 429 posuerunt,
1594 377 1641 417 ut

173 457 381 492 summam
418 441 540 487 Jovis
582 442 627 485 in
671 441 798 486 rebus
843 442 1041 487 humanis
1084 442 1359 487 moderandis
1405 444 1640 500 potentiam

173 514 476 578 praedicarent
513 512 692 570 ejusque
724 513 1037 571 amplificarent
1072 517 1397 571 praepotentem
1429 519 1640 573 naturam,

173 589 294 647 cujus
340 590 383 631 et
428 584 604 629 numina
657 584 811 629 fatalia
862 589 906 629 et
959 586 1091 630 ceteri
1142 585 1200 629 dii
1253 590 1398 631 essent
1449 587 1639 632 ministri.

174 660 295 715 Quae
323 656 466 716 opinio
489 660 537 701 ut
555 656 694 714 magis
725 657 948 714 magisque
979 661 1070 702 tota
1092 657 1279 703 Graecia
1304 657 1640 717 confirmaretur,

172 732 390 779 oraculum
430 729 687 786 delphicum,
735 729 857 788 cujus
893 730 938 773 in
973 730 1100 774 rebus
1145 729 1299 775 divinis
1335 732 1525 775 maxima
1564 732 1643 776 fuit

172 804 415 860 auctoritas,
471 814 600 858 quam
645 801 873 859 plurimum
919 802 1108 859 contulit,
1163 802 1208 847 id
1252 803 1368 860 quod
1410 818 1496 849 non
1542 818 1640 849 con—

171 874 424 922 temnendus
456 877 606 918 auctor
635 873 811 917 tradidit
841 875 1095 931 Pausanias,
1129 875 1202 930 qui
1232 875 1371 933 docet,
1403 876 1446 919 111
1480 876 1640 933 templo

173 947 383 1008 Apollinis
425 946 521 990 loco
565 946 719 990 tertiae
761 947 916 1005 μοίρας
958 947 1144 1003 effigiem
1186 947 1307 992 Jovis
1357 949 1643 1006 Μοιραγετοῦ

173 1025 301 1077 atque
333 1017 599 1062 exadversus
612 1018 837 1075 Apollinis,
870 1017 1003 1062 divini
1034 1019 1199 1062 consilii
1231 1020 1418 1077 augurIs,
1452 1025 1639 1066 statuam

172 1092 357 1152 positam
409 1089 555 1135 fuisse.
619 1088 705 1135 Ofr.
747 1090 876 1135 Paus.
922 1090 994 1147 X.,
1041 1090 1112 1148 24,
1157 1091 1200 1135 4.
1263 1091 1492 1150 Nunquam
1536 1107 1639 1140 vero

171 1170 259 1209 tam
291 1164 506 1208 excultam
538 1163 780 1220 opinionem
813 1162 868 1206 de
910 1162 1001 1206 fato
1040 1176 1092 1206 ac
1123 1164 1304 1221 ratione,
1345 1179 1431 1221 qua
1467 1166 1512 1210 id
1544 1180 1640 1211 cum

170 1237 279 1283 Jove
318 1235 533 1292 cohaeret,
577 1239 734 1293 poetae
771 1235 922 1292 tragici
963 1235 1119 1291 aliique
1156 1237 1517 1294 pronuntiassent,
1558 1253 1639 1284 nee

169 1314 258 1353 tam
289 1308 419 1365 plane
450 1321 562 1363 quae
593 1308 805 1352 Homerus
836 1320 861 1351 e
892 1321 970 1351 suo
999 1308 1176 1352 consilio
1207 1308 1364 1353 fabulis
1394 1310 1637 1367 mythisque

169 1384 332 1425 tantum
362 1379 587 1438 expressit,
610 1378 867 1436 docuissent,
897 1378 979 1424 nisi
995 1378 1088 1438 jam
1112 1380 1153 1424 in
1183 1381 1413 1438 superioris
1434 1384 1637 1440 temporis

169 1453 325 1508 fabulis
365 1452 531 1510 jactum
574 1451 725 1496 fnisset
769 1451 1105 1508 fundamentum,
1160 1453 1359 1509 quoniam
1410 1454 1494 1498 hac
1538 1456 1636 1512 lege

170 1524 357 1570 obstricti
403 1528 501 1570 sunt
542 1523 748 1581 homines,
805 1527 851 1568 ut
894 1523 1000 1568 nihil
1050 1524 1130 1568 nisi
1176 1524 1292 1580 quod
1338 1527 1409 1571 vel
1453 1531 1635 1573 naturae

169 1598 383 1644 humanae
412 1597 605 1640 innatum
626 1597 697 1640 vel
718 1596 861 1652 aliquo
882 1596 1008 1640 modo
1032 1610 1060 1639 a
1080 1596 1313 1654 majoribus
1341 1598 1396 1642 sit
1416 1598 1631 1657 traditum,

169 1669 327 1715 sensim
372 1683 425 1715 ae
460 1667 721 1727 pedetentim
764 1668 968 1713 evolvant
1012 1672 1140 1725 atque
1186 1669 1414 1727 explicent.
1494 1670 1632 1724 Quum

168 1742 295 1799 igitur
323 1742 463 1801 prima
492 1741 611 1786 initia
631 1745 675 1785 et
705 1741 827 1797 quasi
858 1740 1023 1785 semina
1053 1741 1189 1785 omnis
1220 1754 1360 1786 rerum
1392 1742 1632 1788 divinarum

168 1814 372 1860 scientiae
412 1828 467 1860 ex
482 1814 682 1871 Homero,
714 1813 924 1859 uberrimo
945 1812 1078 1871 fonte,
1110 1814 1293 1872 repetita
1324 1828 1420 1860 esse
1453 1821 1632 1875 constet,

168 1887 282 1931 unde
312 1888 441 1931 etiam
479 1886 646 1943 tragica
681 1886 808 1930 Musa
842 1886 977 1929 multa
1012 1891 1265 1942 argumenta
1296 1888 1524 1931 tractanda
1555 1889 1634 1933 sibi

168 1959 361 2017 sumpsit,
406 1957 510 2003 nihil
554 1971 650 2003 esse
688 1957 895 2015 existimo,
929 1971 1004 2002 0111·
1034 1957 1285 2016 dubitemus,
1324 1959 1432 2004 lueis
1470 1960 1633 2017 aliquid

166 2030 266 2075 inde
302 2031 485 2076 haurire.
548 2031 647 2076 Jam
677 2043 779 2075 vero
812 2030 1048 2088 ostendam,
1087 2031 1238 2087 quibus
1276 2032 1538 2088 argumentis
1577 2046 1632 2078 ex

166 2102 352 2149 Homero
383 2104 478 2161 ipso
509 2103 653 2161 petitis
682 2116 782 2148 mea
806 2103 1018 2148 sententia
1047 2102 1217 2160 nitatur,
1251 2103 1630 2163 demonstraturus,

167 2188 222 2219 ex
251 2175 317 2234 iis,
356 2189 469 2233 quae
507 2175 562 2221 de
592 2175 682 2221 fato
714 2176 758 2220 in
790 2176 1046 2222 carminibus
1076 2175 1250 2221 Homeri
1285 2176 1497 2234 leguntur,
1531 2177 1631 2235 jure

166 2248 320 2307 conjici
349 2263 435 2294 non
458 2262 601 2308 posse,
632 2262 842 2294 summam
864 2249 950 2293 vim
977 2249 1021 2293 in
1049 2248 1174 2293 rebus
1204 2248 1401 2293 humanis
1429 2249 1630 2306 gerendis

165 2334 262 2367 esse
292 2321 396 2381 fato,
431 2322 497 2368 cui
528 2322 600 2367 vel
630 2322 725 2380 ipse
754 2322 952 2380 Juppiter
981 2321 1190 2367 oboediat.

284 2468 473 2513 Primum
493 2468 595 2513 mihi
614 2468 980 2527 praestituendum
1003 2481 1099 2515 esse
1120 2467 1299 2526 videtur,
1319 2468 1421 2526 qnid
1440 2469 1627 2527 nomina,

164 2539 315 2595 quibus
353 2541 566 2586 Homerus
609 2541 750 2599 utitur,
796 2542 868 2586 ubi
904 2542 983 2586 fati
1012 2541 1266 2586 mentionem
1298 2541 1413 2598 fecit,
1457 2542 1630 2600 proprie

164 2610 406 2669 significent
450 2627 619 2671 quoque
672 2614 715 2658 in
768 2627 963 2659 connexu
1010 2614 1219 2670 legantur.
1282 2613 1503 2659 Pertinent
1545 2614 1629 2660 huc

163 2683 377 2728 vocabula
415 2690 563 2745 μοῖρα,
606 2686 754 2745 μόρος,
793 2681 908 2741 αἶσα,
947 2690 990 2731 et
1026 2699 1137 2743 quae
1167 2685 1266 2732 inde
1298 2686 1495 2733 derivata
1532 2693 1631 2733 sunt

163 2753 381 2813 adJectiva
418 2757 597 2816 αἵσιμος,
631 2759 864 2817 ἐναίσιμος,
901 2759 1125 2818 μόρσιμος,
1171 2773 1226 2820 ex
1258 2759 1410 2817 quibus
1447 2755 1548 2805 αἶσα
1575 2766 1630 2810 ,et
