1804 3088
880 133 912 177 4

157 267 202 310 in
233 267 491 311 carminibus
522 266 773 324 pangendis·
796 270 1034 322 revocaret,
1067 264 1308 310 cavendum
1340 268 1419 322 est,
1450 278 1507 309 ne
1536 265 1632 322 quis

159 338 321 396 credat,
369 338 426 383 de
446 338 626 383 historia
657 338 835 383 deorum
866 337 1176 384 conscribenda
1206 338 1439 383 Homerum
1470 337 1631 395 cogita-

157 411 288 456 visse.
360 410 456 463 Quo
495 411 658 456 factum
695 416 782 468 est,
826 416 874 455 ut
917 424 1048 468 quum
1085 411 1239 456 seriem
1282 410 1631 468 gravissimarum

157 497 300 529 rerum
330 483 569 529 arctissime
605 483 716 528 inter
752 497 801 529 se
831 497 1041 529 nexarum
1072 487 1165 529 arte
1194 482 1367 542 poetica
1397 486 1631 540 enarraret,

159 556 285 613 quasi
312 556 415 600 bina
444 556 488 600 in
510 556 769 601 carminibus
796 557 885 602 suis
916 561 1122 601 tractaret
1152 560 1419 613 argumenta,
1452 568 1631 612 quorum

159 628 343 672 alterum
389 627 449 672 ad
492 628 736 672 mortalium
789 628 942 686 vitam,
1004 629 1188 673 alterum
1234 628 1292 673 ad
1343 641 1414 673 res
1461 627 1630 672 divinas

158 701 344 758 pertinet
352 699 404 759 2).
488 701 557 762 At
602 714 817 757 quaenam
868 701 924 745 de
972 701 1149 746 deorum
1202 701 1247 746 vi
1296 704 1426 758 atque
1475 703 1632 744 natura

157 773 294 830 ipsius
339 773 516 818 Homeri
562 773 690 818 fuerit
735 774 893 832 opinio,
948 774 1021 819 ubi
1071 773 1359 831 inquisiveris,
1413 772 1631 818 hominum

159 845 382 890 doctorum
430 846 665 890 sententias
716 860 981 905 magnopere
1024 846 1135 891 inter
1178 858 1226 891 se
1278 844 1524 903 discrepare
1577 849 1630 888 ac

158 918 290 975 plane
323 918 393 962 -in
455 917 669 963 diversum
731 918 910 964 distrahi
961 919 1167 964 invenies.
1260 917 1465 964 Nonnulli
1516 916 1629 961 enim

157 990 373 1048 mysteriis
428 1004 527 1034 eum
578 991 832 1047 quibusdam
878 991 1089 1036 initiatum
1133 990 1248 1035 illius
1294 989 1516 1035 doctrinae
1559 1001 1630 1033 res

158 1067 362 1107 externas
393 1063 688 1108 tantummodo
721 1063 972 1121 divulgasse
1003 1063 1367 1119 existimaverunt,
1405 1062 1468 1107 ita
1496 1065 1544 1105 ut
1574 1074 1630 1104 ex

158 1134 417 1178 carminibus
469 1134 565 1193 ejus
620 1136 822 1191 cognosci
872 1149 961 1180 non
1013 1139 1184 1193 posset,
1243 1135 1397 1191 quales
1449 1132 1631 1178 fuissent

157 1206 360 1250 heroicae
392 1207 548 1252 aetatis
580 1207 633 1251 de
665 1207 843 1253 deorum
873 1212 1031 1252 natura
1061 1203 1284 1265 opiniones
1294 1205 1343 1265 3).

279 1278 365 1322 Alii
419 1292 518 1322 eum
569 1279 760 1336 fabulas,
824 1280 977 1336 quibus
1029 1292 1085 1323 ne
1136 1279 1232 1336 ipse
1283 1277 1456 1335 quidem
1500 1275 1630 1321 fidem

157 1349 391 1407 habuisset,
424 1354 473 1394 ut
486 1350 752 1396 carminibus
772 1351 943 1409 poetico
966 1347 1112 1397 essent
1130 1347 1394 1408 ornamento,
1427 1361 1630 1394 enarrare

158 1421 470 1466 contenderunt
478 1421 526 1481 ⁴).
590 1424 755 1468 Neutra
784 1424 889 1468 mihi
919 1428 987 1469 est
1015 1424 1199 1482 probata
1229 1422 1455 1468 sententia.
1518 1421 1629 1466 Nam

157 1493 273 1550 quod
323 1495 386 1539 illi
441 1494 606 1553 dicunt,
667 1500 842 1554 poetam
895 1497 1032 1541 multa
1083 1510 1139 1542 ex
1190 1495 1400 1541 industria
1460 1492 1633 1539 silentio

155 1566 443 1624 praeteriisse,
482 1572 650 1612 tantum
688 1569 824 1626 abest,
862 1574 910 1613 ut
941 1569 1126 1627 credam,
1166 1573 1214 1613 ut
1243 1569 1298 1613 ab
1331 1567 1444 1626 epici
1472 1570 1630 1625 poetae

155 1639 322 1683 ratione
383 1640 516 1696 plane
577 1641 808 1686 abhorrere
859 1642 961 1686 mihi
1012 1640 1250 1686 videatur.'
1305 1641 1341 1685 Ii
1396 1652 1501 1684 vero
1558 1638 1630 1694 qui

156 1711 413 1768 Homerum,
467 1716 514 1755 ut
561 1713 818 1758 carminibus
865 1714 954 1758 suis
1007 1714 1189 1771 inesset,
1234 1711 1349 1770 quod
1394 1710 1629 1768 legentium

157 1782 324 1827 animos
372 1782 630 1842 delectaret,
683 1785 856 1830 fabulas
907 1790 1068 1831 temere
1123 1785 1415 1844 composuisse
1460 1785 1628 1841 putant,

155 1854 264 1899 illud
296 1868 383 1899 non
415 1856 662 1914 respiciunt,
696 1857 813 1914 quod
842 1858 946 1902 Ilias
979 1862 1022 1902 et
1042 1857 1245 1916 Odyssea
1269 1856 1444 1917 poetica
1463 1855 1630 1899 ratione

157 1926 339 1972 reddere
378 1927 576 1974 videntur
612 1943 679 1987 ea,
719 1944 832 1987 quae
869 1931 961 1975 vita
995 1931 1227 1988 hominum,
1265 1930 1338 1988 qui
1372 1934 1462 1975 tum
1493 1932 1629 1985 erant,

155 2004 285 2055 atque
322 2000 421 2057 ipsa
458 2015 601 2045 rerum
638 2007 794 2046 natura
832 2003 1087 2061 obtulerunt,
1133 2015 1342 2060 quaeque,
1378 2002 1481 2046 licet
1515 2000 1631 2045 falsa

154 2073 270 2118 veris
301 2072 458 2118 fuerint
489 2073 697 2133 admixta,
738 2089 937 2121 sermone
968 2076 1186 2122 hominum
1207 2074 1440 2121 memoriae
1469 2073 1631 2119 tradita

161 2150 297 2214 erant.
368 2147 511 2190 Locus
558 2148 671 2191 enim
714 2148 790 2193 ille
833 2148 1042 2194 Herodoti
1082 2148 1144 2208 (2,
1185 2147 1264 2208 53)
1308 2146 1628 2193 celeberrimus:

156 2217 281 2263 οὗτοι
334 2217 555 2278 (Ησίοδος
604 2219 678 2265 καὶ
717 2217 938 2282 οΟμηρος)
980 2220 1051 2266 ’δέ
1101 2219 1215 2266 εἰσιν
1274 2221 1319 2265 οἱ
1371 2220 1630 2280 ποιήσαντες

156 2293 392 2350 θεογονίην
417 2289 623 2352 οΕλλησι,
661 2293 735 2338 καὶ
765 2299 880 2338 τοῖσι
909 2296 1058 2339 θεοῖσι
1088 2293 1166 2345 τοῖς
1202 2293 1450 2349 ἐπωνυμίας
1479 2292 1631 2343 δόντες

156 2364 231 2409 καὶ
289 2363 418 2421 τιμάς
474 2381 521 2410 τε
578 2365 653 2411 καὶ
703 2371 857 2423 τέχνας
906 2366 1136 2422 διελόντες,
1188 2365 1263 2412 καὶ
1313 2365 1433 2412 εἴδεα
1484 2362 1631 2411 αὐτῶν

254 2558 283 2606 2)
308 2558 381 2596 Cfr.
407 2558 548 2607 Nitsch‚
574 2559 749 2596 Anmerk.
775 2571 842 2597 zur
867 2560 1027 2608 Odyssee
1051 2560 1112 2609 11.‚
1137 2571 1172 2608 p.
1198 2563 1354 2599 32—64.

255 2619 285 2666 ³)
313 2619 385 2656 Gfr.
405 2619 574 2667 Creuzer,
602 2620 721 2667 Symb.
748 2620 808 2668 11.,
834 2631 869 2668 p.
895 2620 980 2668 447,
1005 2622 1089 2658 459.
1140 2621 1218 2670 ΠΙ.,
1247 2624 1315 2659 182
1341 2633 1395 2671 sq.
1422 2632 1457 2669 q.
1475 2620 1629 2659 Wachs-

156 2681 271 2728 muth‚
297 2680 393 2718 Hell.
419 2681 578 2718 Alterth.
604 2681 657 2719 IV
659 2710 679 2728 .,
705 2693 740 2728 p.
767 2684 826 2718 94.

254 2741 283 2789 4)
309 2741 381 2779 Cfr.
407 2741 555 2789 Muller,
580 2742 725 2788 Prolog.
751 2753 786 2790 p.
812 2742 896 2790 317,
921 2744 990 2780 321
1019 2753 1098 2791 sqq.
