1804 3088
876 178 942 229 40

169 317 325 376 μόρον,
379 316 493 376 ὑπὲρ
544 317 668 362 θεόν.
719 318 844 362 -Hue
894 317 1097 375 'pertinet
1123 323 1297 376 praeter
1345 317 1466 362 loeos
1510 325 1643 376 supra

171 390 331 434 anctos
369 390 420 434 11.
465 405 514 444 π,
562 390 672 435 780:
735 391 813 433 „at
856 398 954 434 vm
990 386 1047 449 δή
1082 388 1122 450 ρ’
1157 388 1267 449 onte
1303 383 1437 437 ,αῑσαν
1471 382 1643 446 Ἀχαιοὶ

174 465 380 521 φέρτεροι
416 450 530 522 ἦσαν
538 480 552 505 .·
613 458 781 518 Achivi,
830 470 943 518 quae
980 466 1075 507 erat
1111 470 1257 507 eorum
1295 463 1362 508 vis
1401 473 1455 507 ae
1492 463 1640 522 virtus,

173 542 307 593 supra
345 533 520 579 modum
560 538 685 579 erant
713 533 847 579 fortes
857 532 918 593 ¹⁹).
972 535 1070 580 Alio
1108 542 1238 581 sensu
1274 542 1355 579 noo
1392 539 1538 580 tamen
1574 535 1641 593 iis,

174 613 286 662 quae
306 604 361 650 de
382 605 474 649 fato
492 605 819 663 disputavimus,
845 607 1057 651 contrario
1079 616 1176 652 eum
1197 611 1352 664 aperta
1372 606 1451 650 fati
1470 606 1645 652 notione

174 678 332 723 dietum
365 682 433 723 est
463 675 576 736 ὑπέρ
609 673 750 723 αἶσαν.
814 679 859 723 ll.
893 680 928 732 ζ,
959 679 1069 724 487:

296 759 353 807 οὔ
382 757 464 823 γάρ
494 777 559 815 τις
588 760 634 820 μ’
662 761 775 824 ὑπὲρ
807 758 936 808 αἶσαν
968 760 1080 825 ἀνὴρ
1100 760 1224 811 ’Ἄϊδι
1252 761 1485 823 προϊάψει.

297 849 410 893 Nam
455 846 567 907 ὑπὲρ
615 844 744 893 αἶσαν
791 849 1005 906 signifieat
1050 848 1092 892 h.
1133 849 1162 892 1.
1201 844 1452 909 priusquam
1496 847 1643 892 mortis

176 921 285 966 hora
316 919 493 965 deorum
526 919 704 967 oonsilio
733 916 953 967 vdestinata
988 918 1091 965 mihi
1122 919 1214 968 erit.
1263 911 1351 965 Ofr.
1382 917 1433 965 11.
1466 935 1507 975 χ,
1539 919 1642 965 358.

178 1010 218 1051 ρ,
266 995 369 1038 321.
444 990 514 1037 Ex
558 994 611 1037 iis
657 994 776 1050 loeis,
831 992 904 1037 ubi
949 986 1060 1051 ὑπὲρ
1096 989 1240 1051 μόρον
1283 993 1477 1049 occurrit,
1532 993 1643 1036 eele—

176 1064 383 1110 berrimus
415 1068 482 1110 est
512 1057 594 1109 Od.
628 1081 669 1120 α,
708 1065 781 1124 34,
820 1071 903 1123 quo
935 1061 1030 1124 ipse
1052 1066 1185 1124 'pater
1216 1062 1405 1111 deorum.

325 1183 563 1193 ......
597 1147 645 1193 οἱ
671 1150 720 1194 δὲ
749 1149 824 1194 καὶ
855 1147 980 1194 αὐτοὶ
1009 1147 1146 1206 inquit
1176 1147 1447 1209 (ἄνθρωποι)

323 1217 484 1281 σφῇσιν
517 1218 836 1283 ἀτασθαλίῃσιν
867 1215 978 1281 ὖπὲρ
1008 1222 1149 1280 μόρον
1181 1217 1298 1281 ἄλγε’
1328 1223 1502 1278 ἔχουσιν

325 1291 381 1345 ὥς
409 1293 484 1338 καὶ
514 1295 596 1339 νῦν
628 1294 834 1350 Αἴγισθος
865 1293 976 1353 ὑπὲρ
1006 1294 1161 1353 μόρον.
1197 1328 1206 1337 .
1243 1327 1252 1338 .
1288 1328 1298 1338 .

298 1378 506 1423 Nimirum
557 1379 792 1436 Aegisthus
846 1392 897 1423 eo
951 1378 1067 1436 quod
1116 1380 1441 1436 Agamemnone
1492 1381 1647 1421 neeato

179 1448 540 1508 clytemnestram
587 1451 630 1495 in
668 1451 983 1496 matrimonium
1019 1450 1215 1509 duxerat,
1256 1450 1467 1498 nefarium
1504 1449 1648 1494 seelus

177 1522 221 1567 in
258 1536 307 1567 se
343 1522 591 1581 admiserat,
631 1538 661 1567 a
696 1538 781 1580 quo
816 1537 904 1568 non
942 1528 1037 1569 erat
1072 1524 1309 1582 prohibitus
1346 1537 1375 1567 a
1412 1522 1506 1579 diis,
1547 1521 1649 1578 quia

177 1594 221 1639 in
263 1594 329 1652 iis,
375 1609 491 1652 quae
533 1595 592 1640 ad
628 1596 749 1653 leges
790 1597 977 1641 morales
1023 1595 1273 1654 pertinent,
1296 1595 1432 1640 libera
1475 1596 1649 1639 utuntur

177 1667 382 1711 mortales
413 1669 648 1712 voluntate.
698 1669 768 1711 Ita
798 1668 910 1712 enim
942 1668 1101 1725 optime
1132 1668 1436 1712 existimabant
1464 1669 1647 1721 veteres,

178 1737 401 1783 admoneri
417 1738 590 1796 quidem
597 1740 792 1785 homines
807 1754 835 1784 a
851 1739 945 1797 diis,
962 1739 1126 1797 nequid
1133 1739 1308 1786 sceleris
1324 1736 1647 1792 committerent,

178 1810 222 1854 vi
252 1815 398 1855 tamen
437 1826 523 1856 non
562 1813 712 1857 areeri.
777 1812 863 1857 Ofr.
902 1825 1014 1856 vers.
1048 1825 1113 1868 sq.
1142 1811 1376 1867 Aegisthus
1405 1810 1534 1866 igitur
1563 1822 1650 1853 non

178 1895 207 1926 a
244 1881 326 1928 diis
363 1883 408 1928 in
437 1883 697 1941 pravitatem
727 1883 940 1929 adductus
972 1888 1050 1941 est,
1089 1883 1168 1929 sed
1199 1882 1375 1929 sceleris
1406 1895 1487 1927 sua
1515 1880 1650 1940 ipsius

179 1954 307 2012 eulpa
347 1955 562 2001 commissi
598 1957 878 2012 gravissimas
915 1955 1034 2000 dedit
1063 1968 1243 2013 poenas.
1306 1949 1651 2009 Quotiescunque

179 2039 281 2070 vero
320 2027 525 2071 mortales
557 2041 609 2071 eo
649 2028 857 2072 libertatis
893 2026 1235 2085 progrediuntur,
1272 2030 1321 2071 ut
1350 2025 1498 2082 multa,
1537 2037 1650 2082 quae

178 2111 265 2142 non
288 2097 347 2141 ad
366 2098 488 2155 leges
509 2100 697 2144 morales
718 2100 972 2157 pertineant,
1002 2103 1151 2143 eontra
1171 2098 1307 2143 fatum
1338 2097 1431 2142 fieri
1458 2096 1650 2155 potuisse

178 2169 418 2228 videantur,
473 2171 648 2230 saepius
693 2185 748 2217 ne
794 2171 947 2217 fierent
990 2184 1100 2216 neve
1145 2170 1267 2217 Jovis
1312 2169 1466 2216 summi
1508 2182 1649 2215 rerum

179 2243 464 2287 humanarum
512 2243 797 2290 moderatoris
847 2242 1026 2289 consilia
1066 2245 1425 2299 subverterentur,
1473 2242 1649 2287 deorum

178 2314 457 2360 ministerium
472 2316 725 2375 interposuit
739 2322 884 2375 poeta.
931 2319 1083 2374 Itaque
1099 2316 1293 2361 Aeneam
1309 2329 1406 2360 oum
1420 2313 1649 2360 fortissimo

178 2387 440 2431 Achivorum
472 2388 582 2433 duee
614 2402 890 2446 congressum
922 2389 1145 2447 Neptunus
1181 2401 1259 2446 per
1289 2400 1434 2431 aerem
1471 2385 1652 2431 abduxit

179 2463 458 2517 ereptumque
489 2459 545 2505 de
567 2460 748 2507 Achillis
778 2461 975 2506 manibus
1000 2459 1227 2519 prohibuit,
1260 2473 1316 2508 ne
1347 2450 1459 2517 ὑπὲρ
1488 2463 1649 2517 μοῖραν

178 2536 359 2576 mortem
391 2538 627 2590 oppeteret.
676 2533 764 2578 Cfr.
797 2535 848 2578 Il.
881 2549 921 2587 v,
953 2533 1209 2578 318-339.
1259 2531 1340 2578 od.
1373 2546 1410 2585 ε,
1440 2531 1545 2575 436.

280 2712 322 2761 ¹⁹)
349 2713 429 2760 Qua
458 2712 602 2750 dicendi
626 2713 767 2750 ratione
782 2702 997 2759 'comparari
1021 2712 1108 2750 licet
1132 2711 1223 2752 illud
1248 2709 1487 2761 Thucydidisz
1520 2699 1648 2761 (5va-

180 2776 361 2836 τώτεροι
393 2774 517 2821 αὐτοὶ
549 2773 692 2822 αὐτῶν
725 2774 959 2831 ἐγίγνοντο.
