1804 3088
867 181 926 228 24

161 314 233 370 qui
280 319 327 358 ut
372 315 494 359 fieret
541 316 656 371 quod
698 316 858 374 justum
902 321 1033 374 atque
1071 329 1255 373 aequum
1293 321 1405 374 erat,
1452 326 1629 375 operam

162 386 299 443 daret,
332 387 512 431 inveniri
539 392 722 444 poterat.
770 389 838 433 Illi
860 393 1002 433 autem
1020 389 1188 434 Paridis
1209 389 1363 434 sceleri
1382 389 1632 448 adjungitur

161 458 348 503 foederis
400 459 549 504 violati
606 460 792 517 facinus,
856 461 972 517 quod
1033 474 1183 506 omnes
1238 461 1438 519 Trojani‚
1501 475 1630 519 quum

163 531 389 576 Pandarus
425 531 579 577 foedus
617 546 644 575 a
676 533 847 577 Priamo
886 534 1094 578 sancitum
1139 535 1226 579 telo
1263 533 1451 580 demisso
1481 539 1632 579 contra

157 603 231 661 jus
269 604 490 660 violasset,
538 604 581 648 in
620 618 668 649 se
709 604 984 650 admiserant.
1047 605 1160 650 Illud
1192 606 1304 650 enim
1336 619 1421 651 non
1453 605 1633 651 offendit

162 677 363 731 animum,
412 676 528 732 quod
564 676 733 720 Junone
772 677 982 721 suadente
1022 678 1217 722 Minerva
1250 678 1349 735 ipsa
1385 678 1630 723 Pandarum

162 751 209 791 ut
251 748 436 805 primum
481 748 612 792 telum
651 749 835 806 emittatl,
882 750 1083 807 impellit,
1132 762 1393 806 quamquam
1444 763 1491 796 re
1544 765 1630 796 non

163 821 268 863 satis
320 824 551 877 perspecta
596 822 738 877 putari
790 826 951 878 potest,
1016 822 1164 878 deum,
1215 822 1288 878 qui
1307 817 1527 866 ‘homines
1573 822 1633 866 ad

162 892 331 936 scelera
377 893 682 937 committenda
728 893 951 950 perducat,
1005 893 1226 950 indignum
1269 906 1365 938 esse
1413 892 1629 938 hominum

163 964 455 1008 veneratione.
521 965 577 1008 At
616 978 717 1008 vero
749 970 914 1008 tantum
945 964 1094 1021 abfuit,
1145 969 1191 1008 ut
1228 965 1387 1009 astutia
1417 965 1631 1021 quaedam

164 1040 208 1080 et
244 1036 458 1081 simulatio
497 1050 525 1080 a
564 1036 828 1082 Graecorum
874 1041 1030 1081 natura
1075 1036 1366 1094 abhorrerent,
1408 1041 1453 1082 ut
1503 1050 1632 1094 quum

170 1110 330 1166 optimo
363 1110 515 1165 cuique
551 1114 639 1152 tum
674 1109 754 1153 diis
784 1110 1056 1165 maximeque
1088 1109 1170 1153 deo
1199 1123 1397 1167 supremo
1432 1110 1632 1155 attribue·

164 1186 321 1226 rentur.
377 1182 489 1226 Nam
520 1195 661 1238 neque
692 1183 990 1238 Agamemnon
1021 1195 1160 1238 neque
1182 1181 1334 1227 Ulixes
1364 1182 1633 1227 simulatione

164 1259 207 1296 et
239 1254 407 1298 callidis
440 1254 607 1297 astutiis
640 1254 936 1298 abstinuerunt
967 1258 1010 1297 et
1031 1253 1260 1298 dummodo
1292 1254 1408 1310 quod
1429 1257 1635 1311 cuperent

163 1326 454 1382 impetrarent,
488 1325 546 1368 ad
578 1339 876 1382 quamcunque
909 1325 1066 1382 agendi
1098 1327 1304 1371 rationem
1335 1326 1630 1383 confugerunt.

163 1398 219 1441 Et
266 1398 361 1453 quis
415 1402 481 1442 est
535 1398 607 1453 qui
653 1411 739 1441 non
787 1398 1034 1442 recordetur
1080 1398 1134 1442 de
1181 1398 1410 1455 Mercurio,
1466 1412 1495 1441 a
1548 1410 1632 1454 quo

163 1470 422 1526 Autolycum
484 1469 654 1514 furandi
714 1470 1048 1528 per-jurandique
1109 1470 1359 1515 facultatem
1412 1470 1633 1527 accepisse

163 1541 292 1585 docet
321 1543 535 1585 Homerus
568 1541 649 1585 Od.
682 1558 718 1598 τ,
752 1544 855 1586 396.
919 1542 1006 1586 cfr.
1039 1543 1088 1586 11.
1123 1560 1171 1595 ω,
1203 1543 1306 1586 389.

283 1614 342 1658 At
386 1627 489 1659 vero
534 1615 571 1659 si
615 1615 879 1671 quaerimus,
936 1615 1148 1671 quomodo
1192 1614 1284 1659 fieri
1331 1614 1535 1672 potuerit,
1587 1618 1635 1658 ut

162 1686 361 1742 Juppiter
417 1687 461 1730 in
515 1687 702 1731 consiliis
747 1687 927 1732 Junonis
977 1691 1020 1730 et
1072 1687 1293 1731 Minervae
1348 1681 1633 1742 exsequendis

165 1759 431 1816 conniveret,
481 1759 526 1803 id
571 1759 887 1817 respiciendum
924 1763 1012 1815 est,
1052 1759 1168 1816 quod
1201 1759 1284 1803 hoc
1310 1762 1474 1802 tantum
1504 1757 1633 1802 modo

165 1835 390 1887 praestare
421 1832 577 1888 potuit,
626 1832 741 1887 quod
778 1831 950 1876 Thetidi
986 1831 1254 1888 promiserat.
1321 1830 1474 1874 Denuo
1504 1830 1633 1886 igitur

167 1904 399 1947 certamine
454 1903 784 1960 exardescente,
847 1907 1077 1961 postquam
1134 1916 1204 1947 res
1264 1902 1529 1947 Graecorum
1588 1902 1633 1945 in

166 1988 376 2019 summum
410 1976 638 2020 discrimen
670 1975 860 2020 adducta
898 1979 977 2031 est,
1018 1979 1147 2031 atque
1178 1974 1370 2019 Achilles
1400 1973 1633 2018 maximam

166 2047 245 2092 sibi
290 2048 472 2105 gloriam
522 2048 808 2107 comparavit,
856 2046 989 2106 Troja
1036 2050 1320 2106 expugnatur.
1393 2045 1526 2105 Cujus
1572 2045 1634 2090 rei

164 2121 456 2178 perficiendae
487 2122 597 2166 sicut
627 2135 730 2178 spes
760 2122 802 2164 in
824 2122 934 2166 Jove
955 2125 1050 2163 erat
1071 2121 1225 2176 posita,
1257 2120 1319 2163 ita
1340 2121 1470 2164 etiam
1491 2119 1633 2176 operis

164 2192 347 2251 perfecti
400 2193 540 2250 gloria
592 2194 636 2237 in
696 2206 792 2237 eum
840 2191 1150 2236 conferebatur.
1227 2191 1377 2248 Inique
1431 2204 1533 2235 vero
1590 2194 1634 2235 et

164 2265 341 2321 indigne
372 2265 428 2309 de
458 2266 581 2310 Jovis
612 2265 920 2322 gubernatione
956 2277 1097 2308 rerum
1128 2265 1411 2309 humanarum
1442 2264 1633 2319 sentiret,

165 2337 238 2393 qui
274 2337 391 2393 quod
426 2337 626 2395 Juppiter
661 2338 706 2382 in
738 2337 949 2394 colloquio
981 2349 1077 2381 cum
1107 2337 1276 2382 Junone
1311 2335 1458 2380 habito
1489 2334 1558 2394 (Il.
1592 2336 1631 2392 δ,

165 2411 222 2452 37
275 2408 362 2467 sq.)
414 2414 462 2453 ut
511 2411 657 2454 uxoris
710 2410 817 2453 iram
872 2414 915 2453 et
961 2409 1100 2452 rixam
1148 2408 1338 2464 effugiat,
1385 2421 1433 2452 se
1472 2407 1632 2465 Trojae

164 2481 335 2527 excidio
371 2482 612 2528 obfuturum
659 2497 744 2528 non
794 2494 891 2528 esse
928 2481 1119 2539 simulat,
1172 2480 1283 2526 serio
1330 2479 1490 2525 dictum
1535 2491 1633 2525 esse

164 2559 349 2612 putaret.
418 2557 515 2601 Non
563 2556 674 2599 enim
713 2555 922 2599 immerito
960 2554 1137 2612 Κρόνου
1182 2558 1285 2604 παῖς
1322 2551 1632 2613 ἀγκυλομήτεω

165 2628 424 2686 appellatur.
473 2629 570 2674 Huc
602 2628 782 2685 accedit,
816 2626 932 2684 quod
953 2627 1152 2686 Juppiter
1171 2627 1265 2685 ipse
1287 2626 1405 2672 initio
1432 2624 1632 2683 colloquii

163 2701 279 2744 illius
324 2700 394 2758 (Il.
443 2703 488 2755 ὃ,
544 2703 572 2745 5
620 2700 705 2759 sq.)
750 2701 885 2744 verba
936 2713 1017 2743 sua
1061 2700 1145 2756 ita,
1207 2704 1255 2742 ut
1298 2699 1479 2744 Junonis
1524 2698 1632 2741 iram

163 2773 415 2829 incitaturus
436 2773 635 2820 videatur
655 2786 765 2831 esse,
793 2776 1036 2831 componat,
1059 2771 1259 2829 quodque
1278 2784 1371 2816 rem
1391 2769 1633 2817 accuratius
