1804 3088
894 148 953 196 10

179 285 379 344 equidem
398 299 487 331 non
517 283 658 330 video.
721 284 873 341 Neque
905 283 1018 329 enim
1037 281 1239 343 Juppiter
1268 283 1327 329 de
1344 283 1554 341 dignitate
1576 299 1657 332 sua

178 356 376 416 discedit,
408 357 488 402 sed
509 357 847 414 quotiescunque
868 369 1048 401 necesse
1070 369 1167 401 esse
1188 355 1370 414 videtur,
1398 355 1657 414 rigidissimo

179 431 310 476 utitur
339 430 533 488 imperio,
573 430 700 487 quus
729 428 792 473 rei
821 428 865 473 in
896 428 963 486 iis,
1010 441 1122 486 quae
1154 432 1400 487 sequuntur,
1434 430 1657 488 complura

179 502 384 560 exempla
413 501 538 546 nobis
568 504 806 546 occurrent.

300 612 395 655 Iam
426 623 555 666 quum
586 608 802 666 quomodo
819 608 1019 666 Juppiter
1048 608 1249 653 universo
1281 608 1458 653 deorum
1478 606 1655 654 consilio

179 681 428 741 praefuerit,
467 681 574 726 satis
606 684 832 740 appareat,
869 680 1057 725 breviter
1087 693 1316 739 exponam,
1354 692 1440 738 qua
1470 682 1657 728 necessi-

180 755 328 799 tudine
360 767 457 799 eum
488 753 670 811 singulis
714 753 796 798 diis
826 758 871 798 et
907 753 960 797 iis
991 753 1271 811 potissimum,
1319 753 1392 810 qui
1422 753 1656 800 secundm

182 841 280 872 eum
300 826 522 885 proximos
542 825 763 870 habebant
781 825 980 883 honores,
1004 826 1257 883 conjunctus
1277 825 1418 871 fuerit.
1467 825 1657 880 Quorum

181 901 226 944 in
256 912 435 943 numero
465 897 656 956 ponendi
687 902 788 943 sunt
816 898 943 962 Juno,
976 897 1182 955 Minerva,
1213 897 1386 956 Apollo,
1418 898 1657 957 Neptunus.

181 970 443 1016 Monendum
475 974 620 1015 autem
652 974 719 1014 est
746 969 831 1015 hoc
860 970 972 1026 loco,
1003 969 1047 1013 in
1067 968 1206 1014 Iliade
1236 969 1343 1015 deos
1364 982 1413 1016 se
1433 975 1660 1029 praestare

182 1044 306 1101 alios,
340 1043 450 1088 alios
474 1043 518 1087 in
536 1041 748 1100 Odyssea.
812 1041 986 1086 Ulixem
1008 1041 1121 1085 enim
1141 1045 1405 1099 postremum
1425 1042 1660 1088 rediturum

183 1128 281 1160 esse
316 1115 361 1159 in
391 1114 578 1173 patriam
609 1113 810 1171 Juppiter
845 1117 940 1158 erat
968 1112 1182 1171 policitus,
1231 1125 1345 1170 quae
1374 1127 1445 1160 res
1475 1127 1531 1159 ne
1561 1124 1658 1174 per-

182 1187 382 1233 ficeretur
423 1191 471 1231 ut
506 1185 726 1231 resisteret
762 1185 977 1242 Minerva,
1024 1188 1192 1230 tantum
1237 1185 1392 1245 abfuit,
1437 1191 1486 1231 ut
1529 1198 1661 1244 quam

181 1260 371 1305 maxime
431 1258 608 1305 consilio
660 1258 797 1317 patris
853 1257 1042 1315 faveret;
1095 1257 1211 1314 quod
1261 1258 1487 1317 Neptunus
1539 1256 1659 1304 haud

182 1333 402 1389 ignorans,
441 1345 572 1388 quum
604 1345 652 1376 se
688 1330 848 1376 frustra
876 1330 976 1374 huic
1012 1329 1075 1374 rei
1110 1330 1402 1388 perficiendae
1439 1344 1661 1390 opponere

183 1408 476 1461 cognosceret,
515 1417 598 1448 nec
634 1402 867 1460 quidquam
905 1406 1033 1458 esset,
1074 1415 1149 1446 cur
1177 1403 1290 1448 Juno
1321 1402 1478 1449 infesto
1514 1404 1661 1449 animo

181 1477 225 1521 in
256 1476 431 1521 Ulixem
466 1480 669 1533 uteretur,
709 1475 753 1519 in
784 1473 987 1533 Odyssea
1024 1475 1145 1519 nulla
1182 1474 1272 1520 fere
1303 1475 1571 1526 dissensione
1601 1475 1659 1522 dii

182 1549 376 1594 distracti
406 1553 519 1593 sunt.
581 1549 733 1604 Longe
764 1548 893 1591 aliter
919 1559 967 1591 se
997 1559 1069 1591 res
1098 1547 1231 1592 habet
1259 1547 1304 1592 in
1334 1547 1485 1594 Iliade.
1547 1550 1660 1596 Nam

182 1635 313 1679 quum
342 1620 543 1679 Juppiter
572 1619 745 1665 Thetidi
775 1619 1056 1678 promisisset,
1088 1632 1138 1664 se
1156 1620 1369 1665 Achillem
1398 1619 1534 1667 filium
1563 1621 1660 1681 ejus

182 1706 352 1739 summa
412 1693 552 1750 gloria
613 1696 861 1737 ornaturum
922 1704 1040 1749 esse,
1105 1696 1150 1736 et
1208 1692 1323 1738 hanc
1375 1694 1429 1739 ob
1481 1704 1658 1741 causam

183 1765 448 1824 aliquamdiu
490 1766 777 1824 Trojanorum
820 1765 1014 1824 partibus
1050 1764 1238 1824 faveret,
1287 1766 1398 1812 inter
1437 1768 1579 1827 ipsum
1615 1773 1661 1815 et

182 1840 293 1884 alios
324 1838 445 1896 deos,
485 1838 558 1895 qui
589 1851 687 1884 cum
719 1838 899 1884 Graecis
930 1837 1117 1895 stabant,
1157 1842 1309 1884 exorta
1346 1844 1413 1885 est
1443 1839 1660 1886 discordia

181 1912 413 1968 acerrima,
466 1924 550 1955 nec
595 1910 824 1956 defuerunt
864 1909 1012 1968 jurgia
1056 1914 1100 1954 et
1145 1912 1449 1970 contumeliae,
1506 1912 1660 1970 quibus

179 1984 444 2028 immortales
480 1983 725 2028 mortalium
761 1995 880 2027 more
916 1982 1030 2026 inter
1064 1995 1162 2027 sese
1199 1984 1440 2029 utebantur.
1513 1985 1660 2039 Quare

181 2056 334 2112 cuique
366 2054 440 2111 qui
468 2054 653 2112 inquirit,
686 2054 839 2112 quales
860 2054 1075 2098 Homerus
1105 2053 1213 2099 deos
1233 2068 1333 2101 esse
1351 2056 1660 2118 existimaverit
1711 2107 1715 2110 ,

180 2126 363 2172 Iliadem
409 2126 586 2184 fontem,
634 2140 690 2171 ex
736 2140 822 2184 quo
865 2125 1050 2182 hauriat,
1095 2126 1230 2170 multo
1273 2127 1512 2175 uberiorem
1559 2141 1661 2176 em

181 2198 396 2258 Odyssea,
428 2199 535 2258 satis
566 2203 763 2258 apertum
793 2203 873 2245 est.

301 2309 353 2353 In
391 2307 570 2353 dearum
606 2322 784 2354 numero
824 2308 1034 2366 dignitate
1071 2314 1201 2367 atque
1238 2310 1493 2357 auctoritate
1527 2312 1660 2370 longe

182 2380 358 2426 excellit
401 2379 529 2438 Juno,
576 2384 747 2440 πρέσβα
792 2381 869 2426 illa
920 2378 1010 2423 θεά
1041 2377 1112 2436 (Il.
1151 2398 1193 2436 v,
1233 2381 1339 2441 721)
1375 2396 1487 2440 quae
1520 2384 1662 2443 *probe

182 2452 263 2496 sibi
295 2451 470 2495 conscia
500 2464 552 2496 se
585 2464 777 2496 sororem
811 2456 942 2508 atque
977 2448 1205 2510 conjugem
1241 2453 1314 2498 dei
1343 2454 1533 2512 supremi
1561 2467 1659 2500 esse

181 2521 254 2583 (ΙΙ.
293 2535 333 2576 a,
378 2521 488 2582 356)
532 2523 728 2580 reginam
772 2536 821 2568 se
867 2521 977 2580 gerit
1021 2519 1197 2570 deorum
1236 2529 1282 2570 et
1321 2525 1504 2583 primum
1548 2524 1660 2571 inter

180 2593 288 2649 deas
321 2593 401 2639 sibi
438 2594 630 2640 vindicat
659 2595 815 2639 locum.
854 2595 952 2649 Qua
982 2595 1038 2641 de
1059 2610 1195 2642 causa
1214 2611 1302 2643 non
1327 2596 1424 2643 sine
1453 2586 1659 2658 superbia

181 2665 375 2729 quadam,
403 2680 452 2712 se
482 2666 694 2725 dignitate
723 2668 877 2713 Jovem
908 2681 1099 2725 aequare
1130 2670 1360 2729 exclamat,
1392 2682 1658 2727 quamquam

179 2739 374 2798 potentia
405 2740 460 2785 ab
492 2753 545 2786 eo
567 2740 780 2800 seipsam
800 2742 996 2800 superari
1027 2742 1266 2790 confitetur.
1316 2741 1404 2788 Gfr.
1436 2742 1490 2788 11.
1510 2743 1551 2797 δ,
1584 2730 1662 2788 59.
