1804 3088
862 155 921 202 26

157 293 322 346 autem,
378 302 507 345 quam
554 302 710 345 gerens
755 288 929 345 fingitur
976 286 1208 347 (αἰγίοχος)
1260 299 1473 332 concussa
1523 291 1628 334 tem—

156 365 349 420 pestates
380 366 424 406 et
452 361 672 419 procellae
700 361 891 406 oriuntur
921 360 1243 419 caliginosaque
1280 373 1368 405 nox
1399 360 1630 406 offunditur

157 435 385 479 montibus.

281 506 406 560 Quae
443 518 573 562 quum
606 506 668 550 ita
705 506 801 564 sint,
841 507 885 551 in
914 506 1036 553 Jovis
1074 506 1221 565 specie
1258 519 1313 557 ac
1349 505 1489 551 forma
1517 506 1631 551 inest

159 580 308 625 divina
343 579 421 623 illa
457 578 688 636 majestas,
737 593 849 636 quae
895 593 1141 638 supremum
1180 593 1327 636 regem
1357 578 1538 624 indicat:
1584 580 1629 624 in

158 652 282 697 vultu
313 655 443 707 atque
466 649 614 694 habitu
635 651 839 709 corporis,
872 651 915 695 in
933 651 1117 696 crinibus
1145 651 1388 709 conspicuis
1410 651 1630 708 oculisque

159 723 434 780 fulgentibus,
467 722 627 780 inipso
646 723 832 780 denique
848 728 953 768 nutu
968 723 1129 769 residet
1145 723 1350 781 gravitas,
1383 723 1629 780 auctoritas,

160 795 404 854 imperium,
471 794 540 838 cui
584 795 825 841 admirabili
869 795 998 841 modo
1043 795 1236 840 admixta
1279 799 1345 840 est
1367 798 1369 800 ’
1388 794 1631 853 benignitas

161 868 389 925 quaedam.
453 866 541 912 Ofr.
574 868 624 912 Il.
657 885 698 921 ν,
730 870 772 913 3.
806 884 833 927 η
883 869 953 925 17,
987 870 1089 914 209.
1124 884 1165 921 α,
1197 868 1306 913 528:

253 929 283 1000 ἦ
313 939 388 984 καὶ
419 942 652 1000 κυανέῃσιν
684 938 753 985 ἐπ’
783 939 949 1000 ὀφρύσι
979 941 1108 985 νεῦσε
1139 940 1353 999 Κρονίων·

255 1010 495 1071 ἀμβρόσιαι
526 1008 569 1056 δ’
594 1011 681 1071 ἄρα
710 1018 858 1067 χαῖται
891 1012 1197 1071 ἐπερρώσαντο
1230 1011 1414 1062 ἄνακτος

254 1083 412 1142 κρατός
442 1082 511 1127 ἐπ’
539 1083 801 1130 ἀθανάτοιο·
833 1088 970 1140 μέγαν
1001 1082 1040 1128 δ’
1071 1085 1261 1137 ἐλέλιξεν
1283 1082 1520 1139 ’Ὄλυμπον

163 1157 236 1213 qui
251 1170 402 1201 versus
419 1157 562 1202 animo
578 1157 798 1213 oculisque
814 1157 1008 1214 Phidiae,
1033 1157 1186 1202 summi
1202 1156 1390 1213 artificis,
1416 1154 1633 1200 obversati

165 1242 262 1274 esse
294 1228 503 1286 dicuntur,
537 1243 667 1286 quum
695 1229 817 1274 Jovis
845 1228 1034 1287 Olympii
1065 1233 1252 1274 statuam
1284 1241 1389 1272 auro
1421 1227 1634 1284 ebor-eque

166 1306 442 1359 componeret
485 1306 528 1345 et
572 1302 846 1346 simulacrum
893 1301 1000 1346 illud
1044 1300 1291 1358 effingeret,
1342 1313 1426 1356 quo
1471 1299 1634 1343 nullum

164 1388 306 1431 neque
343 1374 563 1433 pulchrius
594 1388 734 1431 neque
766 1375 924 1420 clarius
957 1374 1094 1420 omnis
1125 1373 1357 1430 antiquitas
1387 1372 1506 1418 vidit.

852 1569 954 1615 111.

284 1678 385 1722 Jam
445 1691 549 1722 vero
608 1677 667 1721 ad
723 1678 894 1722 tertiam
954 1676 1322 1722 commentationis
1385 1676 1637 1734 progredior

163 1754 347 1809 partem,
396 1762 508 1806 quae
557 1749 602 1794 in
654 1749 744 1798 fato
794 1749 1009 1794 homerico
1061 1753 1276 1807 versatur,
1338 1761 1535 1807 quaeque
1581 1762 1634 1794 eo

163 1823 338 1879 gravior
369 1835 423 1867 ac
454 1821 669 1866 difficilior
706 1822 810 1866 mihi
849 1836 946 1867 esse
982 1821 1164 1879 videtur,
1210 1822 1312 1878 quia
1348 1821 1545 1867 diversas
1582 1835 1637 1866 ac

163 1895 296 1953 plane
314 1893 551 1940 contrarias
567 1894 802 1940 sententias
827 1893 882 1939 de
904 1894 989 1939 hac
1010 1906 1058 1939 re
1077 1894 1158 1941 viri
1178 1893 1293 1940 docti
1307 1897 1635 1954 proposuerunt.

163 1969 287 2012 Multi
335 1968 448 2011 enim
496 1967 587 2024 jam
627 1968 765 2011 multa
819 1966 875 2012 de
925 1966 1017 2011 fato
1071 1968 1282 2025 scripsere
1335 1972 1380 2012 et
1429 1965 1545 2021 inde,
1579 1967 1635 2011 ab

164 2039 366 2085 Harlesio
398 2043 442 2084 et
461 2038 608 2083 Riccio
636 2052 772 2096 usque
794 2038 854 2083 ad
872 2039 1275 2097 Naegfflsbachium,
1308 2039 1381 2097 qui
1400 2039 1637 2085 recentiore

164 2116 360 2169 tempore
391 2109 576 2155 eandem
596 2110 777 2154 instituit
797 2111 1107 2168 quaestionem,
1140 2116 1183 2155 et
1202 2111 1338 2156 fusius
1358 2125 1428 2157 res
1451 2111 1635 2169 divinas,

165 2196 279 2240 quae
310 2181 488 2227 Homeri
519 2181 775 2227 carminibus
808 2182 1088 2240 continentur,
1119 2182 1331 2241 tractavit,
1364 2184 1475 2229 alius
1506 2184 1637 2229 aliam

167 2255 222 2299 de
253 2255 345 2299 fato
377 2254 634 2299 sententiam
665 2255 892 2311 amplexus
932 2260 1011 2299 est.
1081 2255 1339 2313 Harlesium‚
1379 2257 1452 2312 qui
1488 2261 1638 2301 contra

165 2327 359 2373 Riccium
396 2326 692 2372 demonstrare
723 2326 896 2385 studuit,
942 2327 1097 2373 Jovem
1133 2326 1224 2373 fato
1259 2327 1504 2374 inferiorem
1540 2341 1638 2375 esse

169 2399 264 2458 (cfr.
311 2400 435 2445 Harl.
480 2413 550 2457 op.
598 2413 691 2444 var.
739 2413 830 2456 arg.
871 2414 915 2458 p.
957 2400 1218 2459 387—447)
1257 2405 1430 2447 secutus
1462 2405 1541 2459 est,
1590 2406 1639 2446 ut

167 2471 279 2516 alios
310 2472 516 2528 omittam,
549 2471 760 2529 Ulrici¹¹).

268 2638 312 2685 ¹¹)
340 2637 471 2676 Gesch.
499 2638 565 2675 der
588 2638 675 2675 hell.
691 2638 925 2686 Dichtkunst,
952 2650 986 2686 p.
1016 2638 1096 2687 187,
1122 2638 1187 2677 ubi
1210 2639 1303 2677 haec
1326 2639 1513 2687 leguntur:
1539 2638 1639 2690 „Das

167 2699 415 2746 Personliche,
457 2698 666 2736 Besondere
696 2699 745 2736 ist
773 2699 915 2745 uberall
945 2699 1157 2746 lebendiges
1180 2700 1329 2746 Prinzip
1360 2700 1426 2737 des
1450 2699 1638 2744 Irdischcn

167 2758 242 2795 und
272 2758 535 2796 Himmlischen
573 2758 648 2795 und
688 2770 758 2796 nur
788 2759 854 2797 das
885 2759 1027 2807 Fatum,
1059 2760 1098 2797 in
1129 2759 1461 2798 unerforschliches
1489 2759 1638 2797 Dunkel
