1804 3088
857 163 917 210 19

274 300 375 347 Jam
419 300 610 359 eorporis
655 304 699 345 et
742 299 872 345 animi
917 298 1041 345 dotes
1087 313 1236 344 omnes
1268 304 1311 344 et
1347 293 1524 346 virtutes
1562 301 1616 345 ab

157 392 211 424 eo
245 375 589 435 proficiscuntur3
635 371 779 418 nautis
808 371 1002 417 secunda
1037 376 1082 416 et
1117 372 1350 429 tranquilla
1385 373 1618 431 navigatio,

156 450 324 508 praeda
359 448 634 494 venatoribus
677 446 883 490 tribuitur.
953 445 1105 501 Neque
1146 446 1287 490 minus
1329 449 1444 490 totus
1480 459 1622 490 rerum

158 523 439 567 humanarum
476 519 601 576 ordo,
648 518 770 574 leges
796 518 982 575 juraque
1026 516 1080 561 ab
1119 529 1172 561 eo
1210 516 1442 575 ducuntur3
1495 531 1622 575 reges

159 595 232 651 qui
261 598 361 639 sunt
379 593 424 637 in
446 591 652 648 singulari
672 590 766 648 ejus
787 590 924 635 tutela
945 588 1231 649 (διοτρεφέες)
1252 594 1423 648 sceptra
1436 590 1624 648 juraque

160 678 253 722 sua,
285 669 333 709 ut
345 665 467 721 leges
483 666 745 719 exercerent,
769 675 798 705 a
820 674 984 707 summo
1002 674 1106 719 rege
1122 661 1344 720 accepisse
1362 662 1430 722 (11.
1448 666 1489 720 β,
1515 663 1622 722 206)

161 738 370 784 dicuntur.
443 737 545 794 Ipse
602 739 668 780 est
716 733 962 780 moderator
1008 734 1216 779 bellorum
1274 736 1328 780 ab
1386 735 1626 781 hominibus

161 813 378 867 gestorum
416 807 485 867 (11.
519 809 559 862 δ,
608 807 680 853 84.
720 823 757 861 τ,
805 806 894 852 224
932 804 1184 866 ἀνθρώπων
1222 808 1378 867 ταμίης
1412 808 1625 865 πολέμοιο

162 882 213 927 Il.
264 896 303 938 ρ,
350 881 453 924 339.
494 877 658 930 ὕπατος
707 878 900 938 μήστωρ,
947 878 1089 938 μα’χης
1133 877 1446 938 ἐπιτάῤῥοθος)
1497 885 1626 937 atque

162 964 421 1011 praecones,
469 952 539 1009 qui
584 950 777 996 hostibus
821 951 980 995 bellum
1025 950 1283 1008 indicebant,
1332 953 1539 1010 populum
1583 954 1628 998 in

165 1024 405 1069 contionem
452 1023 750 1069 convocabant
794 1027 838 1068 et
881 1021 1088 1079 quidquid
1143 1023 1202 1067 ad
1247 1036 1374 1068 sacra
1427 1025 1629 1082 pertinuit

165 1095 487 1154 comparabant,
526 1096 625 1141 Jovi
664 1095 755 1139 cari
790 1099 902 1151 sunt,
951 1108 1081 1151 quam
1111 1095 1164 1139 ob
1203 1107 1294 1139 rem
1327 1095 1401 1139 Διὶ
1432 1097 1555 1153 φίλοι
1586 1101 1630 1141 et

168 1168 270 1219 Διός
315 1165 492 1223 ἄγγελοι
535 1164 612 1226 ἠδὲ
655 1165 729 1211 καὶ
774 1164 949 1224 ἀνδρῶν
991 1167 1279 1224 appellantur.
1358 1167 1446 1213 Gfr.
1484 1169 1534 1213 Il.
1585 1184 1627 1228 η,

166 1241 270 1297 517,
304 1240 406 1285 274.
458 1240 611 1296 Itaque
631 1252 762 1296 quum
792 1252 941 1284 omnes
961 1252 1032 1283 res
1053 1238 1267 1283 humanae
1284 1239 1383 1284 Jovi
1403 1244 1629 1298 tantopere

167 1312 252 1357 sint
283 1325 425 1369 curae,
474 1316 519 1357 et
547 1311 781 1371 praeterita
811 1314 855 1355 et
884 1310 1028 1355 futura
1055 1310 1187 1355 habet
1217 1312 1444 1369 explorata
1475 1326 1529 1358 ac
1559 1326 1628 1358 res

166 1384 332 1430 futuras
368 1384 619 1432 mortalibus
649 1396 786 1441 saepe
824 1382 1016 1427 indicare
1047 1383 1169 1427 solet.
1231 1385 1332 1442 Ipse
1370 1383 1482 1429 enim
1521 1386 1628 1430 anti-

167 1456 371 1515 quissimo
391 1456 454 1502 illi
470 1456 645 1502 oraculo
665 1455 905 1501 Dodonaeo
929 1453 1062 1513 (Ζεύς
1082 1456 1339 1507 Δωδωναῖος
1359 1457 1410 1502 11.
1431 1472 1479 1512 π,
1503 1457 1626 1516 233.)

167 1529 355 1592 praefuit
402 1542 455 1574 ac
490 1527 673 1587 Delphis
714 1527 873 1586 Apollo
918 1527 1050 1584 filius,
1097 1541 1225 1585 quem
1266 1528 1402 1586 patris
1454 1528 1629 1575 decreta

168 1600 446 1659 exsequenda
475 1600 649 1659 saepius
680 1612 831 1645 curare
859 1598 905 1643 in
930 1598 1068 1644 Iliade
1097 1600 1293 1657 legimus,
1323 1600 1434 1647 Jove
1453 1606 1629 1646 auctore

168 1674 346 1723 oracula
376 1672 508 1718 dedit.
570 1671 693 1725 Quae
722 1680 806 1729 res,
839 1671 962 1730 cnjus
991 1675 1114 1716 tanta
1144 1677 1237 1717 erat
1257 1672 1324 1718 vis
1344 1673 1389 1718 in
1410 1673 1629 1719 hominum

168 1746 348 1804 animos,
380 1749 428 1790 ut
458 1745 635 1791 ostentis
665 1743 936 1802 oraculisque
966 1758 1133 1790 summa
1163 1751 1411 1803 regerentur
1436 1747 1629 1805 consilia,

170 1819 272 1878 quin
301 1819 529 1879 plurimum
567 1817 627 1862 ad
661 1817 880 1863 hominum
916 1831 1071 1876 mores,
1110 1818 1231 1876 leges
1271 1823 1402 1877 atque
1438 1820 1633 1865 instituta

170 1892 332 1940 tuenda
369 1891 583 1938 valuerint
619 1891 673 1936 ob
711 1903 894 1948 eamque
930 1904 1021 1936 rem
1056 1892 1232 1937 maximi
1268 1892 1397 1938 fuerit
1431 1893 1635 1939 momenti

172 1966 267 2024 quis
325 1970 391 2011 est
448 1964 522 2022 qui
573 1963 766 2009 dubitet?
826 1964 1040 2010 Homerus
1098 1966 1211 2010 enim
1262 1966 1358 2024 ipse
1411 1966 1635 2012 confirmat

171 2039 390 2095 multaque
449 2037 568 2097 apud
626 2050 724 2081 eum
777 2038 979 2095 exempla
1029 2043 1273 2096 occurrunt,
1334 2039 1450 2084 unde
1500 2043 1633 2098 patet,

172 2110 479 2157 divinationem
544 2109 602 2154 ad
666 2109 798 2154 vitam
862 2106 1096 2167 prudenter
1151 2111 1455 2156 instituendam
1507 2126 1636 2168 quam

172 2184 399 2242 plurimum
429 2182 632 2228 valuisse.
697 2180 821 2234 Quae
850 2195 980 2238 quum
1010 2182 1071 2226 ita
1102 2183 1198 2240 sint,
1231 2196 1357 2228 nemo
1382 2182 1558 2229 deorum
1580 2185 1635 2229 ab

173 2245 425 2312 hominibus,
458 2268 638 2312 quorum
668 2253 810 2299 studia
847 2267 901 2298 ac
931 2259 1035 2299 vota
1064 2255 1107 2299 in
1140 2255 1454 2302 diversissimas
1489 2261 1637 2315 partes

175 2327 420 2385 discedunt,
483 2327 657 2386 saepius
707 2326 906 2385 precibus
963 2327 1188 2372 invocatur
1246 2342 1377 2385 quam
1425 2329 1635 2387 Juppiter.

175 2399 264 2446 cfr.
294 2401 346 2445 ΙΙ.
378 2403 420 2457 β,
456 2400 561 2445 412.
594 2415 631 2455 γ,
670 2399 772 2444 350.
804 2414 851 2454 μ,
886 2399 986 2443 164.
1018 2414 1058 2452 o,
1091 2400 1193 2444 372.
1227 2406 1283 2459 ψ,
1317 2401 1418 2445 273.
1452 2418 1500 2455 ω,
1533 2402 1636 2446 301.

177 2470 360 2532 (ἐσθλόν
398 2470 482 2531 γάρ
514 2470 588 2516 Διὶ
627 2476 772 2529 χεῖρας
809 2467 1065 2527 ἀνασχέμεν,
1112 2470 1161 2514 αἴ
1193 2469 1233 2515 κ’
1268 2471 1443 2531 ἐλεήσῃ)
1480 2472 1560 2516 Od.
1594 2488 1635 2531 η,

176 2545 280 2591 331.
313 2561 351 2604 o,
384 2544 502 2590 353..
522 2559 562 2603 ρ,
594 2542 697 2588 354.

295 2617 456 2662 Verum
486 2615 702 2660 enimvero
730 2617 896 2658 tantum
928 2615 1063 2671 abest,
1110 2620 1170 2671 ut,
1219 2615 1286 2664 cui
1316 2629 1430 2660 nunc
1466 2616 1639 2672 benigni

177 2693 277 2734 sunt
312 2689 371 2734 dii
407 2695 461 2734 a'c
490 2687 652 2744 favent,
699 2686 744 2731 in
779 2698 880 2731 eum
910 2698 1080 2745 semper
1109 2686 1320 2732 beneficia
1357 2687 1554 2746 afferant,
1593 2693 1641 2733 ut

178 2762 373 2808 omnibus
402 2761 601 2808 fortunae
629 2759 918 2805 inconstantia
948 2765 992 2805 et
1011 2760 1189 2805 mutatio
1221 2761 1276 2806 sit
1294 2761 1504 2820 timenda3
1535 2762 1642 2806 nihil

1346 2835 1375 2880 2
