1804 3088
870 162 926 206 31

239 366 278 411 n
310 294 485 407 μοῖςίιξν2
501 288 539 334 ’τ’
568 289 790 354 ἀμμορίην
822 310 869 339 τε
897 297 1185 356 καταθνητῶν
1216 296 1466 357 ἀνθρώπων

169 373 212 414 et
280 397 291 410 .
321 378 362 419 r,
493 378 505 407 t

341 480 379 549 ᾦ
407 492 559 550 μάκαρ
591 489 803 550 Ἀτρείδη,
833 493 1099 548 μοιρηγενές,
1132 489 1435 547 ὀλβιόδαιμον,

167 612 237 656 ubi
272 616 525 674 μοιρηγενές
560 611 615 656 de
652 610 782 655 beata
814 614 933 655 sorte
965 611 1154 656 humana
1183 609 1507 668 intelligendum
1545 614 1629 655 est:

167 685 330 742 beatus,
363 699 489 742 quem
521 688 765 730 nascentem
794 682 969 740 placida
997 683 1169 727 fortuna
1199 683 1371 740 excepit
1390 683 1458 727 vel
1492 682 1633 739 potius

166 767 292 815 quem
313 756 411 818 ipsa
432 757 604 805 fortuna
624 755 783 814 genuit.
837 754 1022 814 Saepius
1048 769 1151 801 vero
1174 755 1231 801 de
1265 755 1392 800 rebus
1424 753 1631 811 adversis,

167 818 221 873 de
267 833 403 874 morte
449 830 715 890 potissimum
758 833 976 884 tamquam
1021 833 1135 873 sorte
1182 828 1376 872 omnibus
1421 827 1632 871 communi

166 900 325 946 dictum
355 906 434 946 est.
498 902 584 948 Ofr.
615 901 698 947 od.
731 902 771 954 λ,
807 901 914 945 160:
961 899 1053 945 τεῒν
1092 898 1130 944 δ’
1160 899 1234 944 ἐπὶ
1263 906 1424 959 μοῖραν
1457 901 1629 959 ἔθηκεν.

168 974 307 1028 Quam
350 974 403 1018 ob
447 988 538 1020 rem
583 980 626 1020 et
672 974 902 1032 conjuncta
937 974 1137 1031 leguntur
1179 979 1314 1032 μοῖρα
1360 972 1433 1018 καὶ
1478 973 1630 1029 μόρος,

168 1046 303 1103 φόνος
347 1047 421 1092 καὶ
465 1053 613 1107 μοῖρα,
665 1046 861 1098 θάνατός
903 1062 951 1090 τε
994 1046 1131 1106 μόρος
1176 1062 1236 1100 τε,
1288 1059 1401 1103 quae
1453 1050 1632 1091 mortem

167 1123 211 1163 et
224 1132 373 1164 necem
398 1120 652 1177 significant.
707 1120 860 1176 Itaque
882 1119 1073 1164 Achilles
1096 1117 1320 1177 ὠκύμορος
1342 1123 1386 1163 et
1401 1116 1631 1177 ὠκυμορώ-

164 1208 289 1243 τατος
326 1193 585 1251 appellatur,
625 1197 670 1237 et
698 1191 870 1250 Apollo,
916 1191 988 1248 qui
1024 1191 1235 1248 Agenoris
1279 1192 1423 1250 specie
1460 1195 1631 1249 sumpta

165 1264 397 1323 deceperat
432 1265 643 1310 Achillem
687 1264 940 1322 fugiensque
987 1264 1260 1309 fortissimum
1299 1264 1556 1309 Achivorum
1604 1277 1632 1308 a

165 1351 312 1394 pugna
342 1338 512 1394 longius
543 1337 794 1395 abduxerat,
833 1337 1008 1381 instanti
1045 1337 1155 1381 hosti
1188 1337 1361 1382 tandem
1400 1337 1550 1395 aperit,
1583 1350 1631 1381 se

165 1408 282 1456 haud
323 1408 543 1467 μόρσιμον
588 1411 615 1454 i.
655 1424 693 1455 e.
731 1410 854 1454 morti
899 1409 1127 1454 obnoxium
1167 1422 1276 1467 esse.
1348 1408 1487 1462 Quum
1526 1422 1630 1453 vero

166 1480 220 1526 de
235 1481 406 1529 fortuna
422 1487 465 1527 et
480 1487 595 1527 'sorte
603 1482 818 1527 hominum
827 1470 1083 1526 mentionem
1096 1481 1232 1539 injicit
1247 1486 1389 1539 poeta,
1407 1486 1631 1539 utrumque

165 1565 320 1598 nomen
372 1559 533 1613 μοῖραν
586 1558 630 1598 et
687 1549 815 1598 αἶσαν
860 1567 1093 1611 usurpasse
1142 1553 1310 1597 videtur
1363 1553 1421 1597 ad
1473 1566 1630 1597 numen

165 1625 381 1684 quoddam
427 1626 768 1685 significandum,
822 1625 937 1684 quod
986 1624 1081 1670 aliis
1125 1626 1231 1670 locis
1276 1627 1394 1670 mala
1440 1624 1631 1684 cujusvis

165 1699 348 1756 generis,
400 1700 496 1745 aliis
541 1705 719 1744 mortem
761 1699 900 1758 ipsam
945 1698 1186 1744 hominibus
1230 1703 1419 1744 statuere
1465 1698 1629 1756 dicitur,

166 1771 373 1831 quusque
393 1777 586 1831 potestas
608 1772 669 1817 ita
693 1776 759 1818 est
780 1775 1045 1831 comparata,
1072 1775 1119 1816 ut
1138 1785 1224 1816 non
1246 1784 1376 1830 posse
1407 1772 1633 1817 videantur

165 1858 250 1889 non
294 1846 470 1914 xevenire
522 1859 634 1902 quae
688 1845 841 1902 αἴσιμα
889 1846 980 1890 sive
1024 1845 1219 1903 μόρσιμα
1271 1858 1369 1889 esse
1422 1845 1631 1889 dicuntur.

165 1916 461 1974 Agamemnon
493 1917 605 1962 enim
637 1917 679 1962 in
712 1917 974 1963 Graecorum
1006 1917 1202 1962 contione
1240 1930 1288 1963 se
1332 1930 1428 1962 cum
1465 1916 1633 1961 Achille

164 1989 207 2032 in
253 1990 437 2046 gratiam
482 1990 714 2034 rediturum
760 2004 870 2047 esse,
919 1989 1161 2034 discordiae
1202 1990 1316 2035 illius
1365 1990 1633 2048 perniciosae

166 2061 337 2120 culpam
375 2061 454 2107 sibi
493 2061 806 2107 attribuendam
844 2076 940 2108 esse
970 2066 1115 2120 negat,
1155 2062 1233 2108 sed
1264 2076 1292 2107 a
1321 2064 1431 2109 Jove
1468 2066 1511 2107 et
1540 2062 1631 2106 fato

165 2135 307 2178 animo
339 2148 416 2179 suo
446 2135 649 2193 injectum
688 2149 785 2180 esse
817 2136 1002 2180 furorem
1041 2141 1171 2192 atque
1208 2136 1479 2181 dementiam.
1543 2135 1630 2180 Cfr.

164 2206 214 2271 Il.
270 2224 307 2261 τ,
356 2207 428 2252 87.
498 2207 600 2252 Sine
652 2208 743 2252 ulla
795 2213 938 2253 autem
993 2207 1256 2254 dubitatione
1305 2223 1360 2254 ex
1413 2208 1479 2253 his
1524 2207 1631 2252 loc-is

165 2280 446 2336 cognoscitur,
496 2286 656 2337 μοῖραν
694 2281 877 2324 numinis
918 2282 1060 2324 locum
1098 2279 1307 2325 obtinere:
1363 2281 1445 2325 Od.
1477 2284 1518 2336 β,
1557 2282 1628 2324 99.

165 2346 239 2396 ὅτε
284 2355 359 2396 κέν
405 2368 483 2408 μιν
525 2349 642 2411 μοῖρ’
686 2349 793 2413 ὀλοὴ
836 2350 1066 2414 Ξιαθὲλῃσε.
1137 2351 1217 2398 Od.
1268 2370 1304 2409 y,
1351 2354 1452 2398 269.
1497 2358 1631 2412 μοῖρα

165 2420 356 2483 α’πέδησε
394 2430 437 2468 et
466 2425 515 2469 n.
551 2439 587 2479 y,
627 2426 668 2469 5.
709 2423 826 2483 μοῖρ’
863 2425 1082 2481 ἐδάμασσε
1124 2426 1173 2469 Il.
1213 2441 1260 2478 π,
1300 2425 1387 2469 849
1426 2422 1539 2468 «mci
1575 2441 1630 2479 με

164 2495 281 2554 μοῖρ’
318 2494 427 2557 ὀλοή
457 2497 646 2542 ἔκτανεν.
709 2498 828 2542 Idem
861 2498 1021 2556 apertis
1060 2498 1201 2543 verbis
1231 2497 1328 2555 ipsa
1363 2496 1475 2542 Juno
1507 2496 1629 2542 dicit:

165 2566 233 2624 (11.
268 2583 308 2622 v,
346 2568 467 2627 127.)

288 2723 296 2731 .
332 2722 343 2732 .
378 2723 388 2732 .
423 2723 433 2732 .
467 2686 649 2747 ὕστερον
680 2678 787 2735 αὖτε.
814 2691 871 2735 τοὶ
900 2694 1111 2744 πείσεται,
1144 2688 1257 2735 ἅσσα
1287 2694 1331 2735 οἱ
1362 2687 1465 2735 αἶσα

287 2765 527 2822 γιγνομένῳ
557 2762 755 2823 ἐπένησε,
771 2763 892 2822 λίνῳ,
925 2759 999 2809 ὅτε
1026 2779 1107 2823 μιν
1138 2766 1236 2809 τέκε
1263 2763 1421 2825 μήῇηρ.
