1804 3088
881 160 937 206 16

171 293 389 351 conjuncti
419 294 479 338 dii
509 307 598 337 una
627 294 951 355 invocabantur,
996 294 1112 339 unde
1144 294 1346 339 solemnis
1377 293 1455 339 illa
1483 294 1646 340 exstitit

170 365 410 411 invocatio:

329 438 454 491 „Zefi
483 452 531 481 τε
560 436 701 497 πάτερ
732 436 806 481 καὶ
836 435 1054 499 Ἀθηναίη
1083 437 1159 482 καὶ
1179 436 1491 497 Ἀπολλονόῑθ)

293 510 487 555 Vidimus
524 510 671 567 igitur,
709 511 945 556 Minervam
989 515 1034 555 et
1071 511 1314 568 Apollinem
1349 511 1447 556 Jovi
1486 511 1545 555 ad
1590 523 1645 554 ea

172 594 285 637 quae
331 582 467 627 voluit
503 581 770 639 perficienda
807 582 990 641 optimos
1026 581 1160 627 fuisse
1196 581 1431 639 ministros3
1492 580 1644 626 eodem

172 652 301 697 modo
350 653 482 698 ceteri
526 653 603 709 dii,
652 654 804 710 quibus
849 659 969 698 certa
1011 653 1226 711 quaedam
1273 667 1451 698 munera
1487 653 1647 698 tradita

173 728 273 768 sunt
325 724 680 782 administranda,
724 725 847 771 Jovis
877 726 1087 771 voluntati
1123 726 1414 783 obsequuntur
1452 729 1496 769 et
1531 724 1646 769 dicto

174 800 273 840 sunt
303 795 541 841 audientes.
588 798 824 843 Mercurius
855 799 968 843 enim
998 798 1214 843 mandatis
1246 797 1340 855 ejus
1371 798 1562 855 acceptis
1590 797 1645 841 ab

175 867 361 926 Olympo
393 868 619 914 descendit
649 883 731 915 nec
760 870 889 915 modo
921 870 1023 927 quid
1052 870 1151 915 Jovi
1169 869 1388 928 {placuerit
1418 869 1498 915 sed
1517 868 1646 914 ctiam

175 941 291 985 viam
338 954 391 986 ac
437 943 661 999 rationem,
715 956 802 999 qua
847 942 953 986 illud
991 942 1151 1000 optime
1189 946 1233 986 et
1261 941 1463 986 facillime
1498 940 1647 999 perfici

175 1012 324 1069 possit,
358 1014 470 1058 solet
499 1014 704 1059 indicare.
767 1016 920 1071 Itaque
951 1014 1069 1059 Ulixi
1100 1013 1159 1058 ad
1180 1014 1327 1059 Circes
1358 1012 1492 1057 aedes
1521 1012 1645 1068 ituro,

176 1084 391 1140 quomodo
429 1097 478 1130 se
522 1086 638 1131 illius
685 1087 864 1131 venenis
902 1085 1126 1142 defendat,
1179 1086 1249 1130 hic
1295 1085 1401 1130 deus
1448 1083 1645 1129 ostendit.

177 1155 264 1201 Gfr.
317 1155 398 1201 Od.
453 1175 500 1212 κ,
555 1158 657 1203 277.
738 1158 880 1216 Atque
929 1158 1146 1204 Priamum
1190 1157 1452 1203 Graecorum
1504 1160 1648 1202 castra

176 1233 394 1286 petentem
426 1230 520 1287 ipse
559 1230 796 1287 comitatur,
837 1244 921 1287 quo
961 1231 1117 1275 certius
1155 1230 1277 1275 Jovis
1309 1229 1485 1274 decreta
1521 1229 1648 1287 perfi-

178 1300 356 1345 ciantur.
398 1291 499 1346 'Iris
529 1315 647 1358 ver0,
694 1302 798 1358 quid
828 1301 1073 1347 faciendum
1111 1302 1166 1347 sit
1195 1301 1443 1359 simpliciter
1472 1300 1646 1358 indicat,

177 1385 260 1416 nec
296 1373 379 1418 nisi
415 1387 501 1418 uno
539 1374 636 1418 loco
670 1373 738 1432 (Il.
772 1390 811 1428 o,
853 1372 976 1432 200.)
1007 1373 1070 1418 rei
1101 1372 1404 1430 exsequendae
1440 1372 1649 1417 rationem

178 1443 457 1489 demonstrat.
546 1446 721 1491 Themis
786 1435 991 1503 denique,
1054 1459 1166 1502 quae
1222 1446 1398 1490 Homeri
1457 1450 1651 1503 tempore

178 1514 369 1560 nondum
416 1516 610 1574 justitiae
664 1517 747 1562 dea
810 1518 928 1562 culta
983 1518 1061 1563 sed
1119 1518 1241 1563 ,Iovis
1292 1518 1457 1562 famula
1516 1517 1649 1564 fuisse

177 1587 364 1644 videtur,
410 1588 484 1632 illo
524 1588 705 1646 jubente
748 1603 898 1634 omnes
944 1589 1049 1634 deos
1087 1590 1280 1646 deasque
1317 1590 1469 1645 quibus
1507 1589 1649 1635 aditus

178 1658 237 1703 ad
269 1660 498 1706 conciones
529 1660 707 1706 deorum
745 1661 941 1720 publicas
972 1662 1162 1720 patebat,
1209 1661 1253 1705 in
1287 1661 1409 1706 Jovis
1439 1661 1649 1719 palatium

178 1745 344 1776 summo
375 1732 419 1776 in
457 1732 644 1790 Olympo
681 1747 710 1777 a
747 1734 943 1777 Vulcano
975 1733 1250 1777 aedificatum
1287 1737 1516 1790 convocat3
1569 1746 1650 1778 nec

179 1803 405 1860 quisquam
443 1804 618 1849 deorum
656 1809 734 1863 est,
782 1805 855 1862 qui
892 1818 939 1850 se
972 1818 1069 1851 esse
1099 1809 1325 1850 venturum
1354 1809 1497 1862 neget.
1561 1803 1647 1850 cfr.

179 1875 230 1919 Il.
265 1890 307 1929 v,
338 1876 382 1919 4.
416 1875 497 1920 od.
529 1879 571 1933 β,
605 1878 677 1921 68.

303 1947 362 1991 At
405 1961 508 1992 vero
549 1948 643 2007 jam
691 1948 746 1993 de
791 1948 872 2005 his,
925 1961 1037 2005 quae
1090 1949 1148 1993 ad
1201 1962 1412 1994 summum
1455 1949 1500 1993 in
1544 1948 1649 1993 deos

182 2019 409 2077 imperium
439 2020 561 2065 Jovis
598 2022 825 2078 pertinent,
865 2021 971 2065 satis
1007 2021 1110 2065 mihi
1147 2020 1263 2065 dicta
1300 2034 1397 2065 esse
1434 2020 1651 2077 videntur3

180 2091 334 2136 Jovem
374 2091 486 2135 enim
531 2105 741 2137 summum
785 2105 882 2137 esse
923 2091 1050 2136 deum
1093 2091 1370 2149 potentiaque
1415 2091 1510 2150 ejus
1546 2092 1651 2137 nihil

278 2259 311 2305 θ)
351 2260 453 2306 Quae
494 2260 700 2307 conjunctio
741 2261 885 2297 illorum
924 2260 1076 2298 deorum
1113 2259 1201 2307 quid
1232 2260 1420 2307 significet,
1461 2259 1651 2298 audiamus

144 2368 147 2371 .
182 2320 426 2370 pulcherrime
452 2325 693 2368 exponentem
718 2321 1047 2368 Naegelsbachium
1074 2320 1193 2367 (Hom.
1220 2321 1347 2359 Theol.
1373 2333 1408 2368 p.
1438 2323 1508 2357 106
1516 2320 1538 2368 ε)

281 2382 349 2429 „In
371 2381 493 2425 ,dieser
517 2381 675 2429 Formel,
700 2381 739 2418 in
763 2382 921 2419 welcher
946 2381 1011 2419 das
1036 2381 1260 2419 hellenische
1287 2381 1650 2420 Gottesbewusstsein

183 2441 369 2479 vielleicht
399 2438 465 2480 das
489 2442 627 2480 Tiefste
659 2442 895 2481 beschlossen
924 2443 1001 2489 hat,
1031 2453 1105 2480 was
1137 2442 1212 2479 ihm
1244 2441 1282 2478 in
1315 2441 1462 2489 eigener
1494 2442 1652 2490 Ahnung

183 2501 273 2540 oder
310 2501 426 2539 durch
463 2502 768 2549 Ueberlieferung
808 2515 855 2540 zu
891 2502 999 2540 Theil
1035 2501 1227 2549 geworden
1270 2502 1328 2549 ist,
1368 2502 1550 2540 erscheint
1586 2502 1652 2540 der

183 2562 336 2600 hochste
355 2563 444 2600 Gott
469 2563 523 2600 als
548 2563 692 2601 solcher
716 2574 787 2600 nur
817 2563 855 2599 in
868 2557 1109 2609 Verbindung
1131 2561 1198 2599 mit
1222 2562 1293 2599 den
1304 2562 1380 2599 ihm
1393 2562 1651 2600 inharircnden

183 2636 452 2682 Erzeugungen
490 2657 537 2663 —
575 2636 613 2672 in
652 2635 718 2673 der
754 2635 962 2683 personlich
995 2634 1270 2673 substantiirten
1300 2624 1425 2684 μῆτις
1462 2634 1536 2672 und
1570 2634 1652 2672 dem

183 2694 403 2733 Verkunder
426 2695 528 2734 ihrer
553 2697 761 2742 Satzungen
792 2717 850 2744 —-,
882 2696 921 2733 in
944 2695 1108 2734 welchen
1133 2706 1174 2732 er
1198 2694 1317 2733 seines
1342 2695 1473 2742 eignen
1496 2695 1652 2750 Wesens

184 2755 417 2805 Vouendung
441 2756 624 2806 gerunden
648 2756 749 2794 hat.“
