1804 3088
866 171 925 220 22

281 303 342 349 Ut
384 317 488 349 vero
533 305 660 350 rebus
703 306 886 364 publicis
935 307 999 352 sic
1040 307 1171 352 etiam
1214 307 1342 353 rebus
1385 308 1631 359 domesticis

160 383 354 435 praeest,
403 391 538 434 quare
575 379 688 423 Zeus
731 382 896 438 ἑρκεῖος
942 380 1207 439 appellatur,
1253 380 1356 438 quia
1398 382 1550 429 mediis
1586 385 1631 430 in

162 450 344 495 aedibus
375 451 416 495 ei
446 464 526 495 ara
556 450 683 510 (Διός
711 453 907 509 μεγάλου
938 452 1101 512 βωμός)
1139 457 1234 498 erat
1270 458 1463 512 sacrata,
1513 458 1632 514 apud

163 536 294 579 quam
329 527 455 581 pater
499 524 686 570 familias
724 540 803 584 pro
853 527 1005 572 domus
1047 526 1340 571 incolumitate
1387 527 1633 575 sacrificare

164 595 344 652 solebat,
382 609 464 641 nec
500 611 587 642 non
618 598 661 642 in
692 599 978 655 libationibus,
1018 600 1170 656 quibus
1208 599 1395 656 quotidie
1431 600 1499 645 usi
1536 614 1634 647 esse

164 667 377 725 videntur,
426 667 523 728 (cfr.
564 668 645 715 Od.
686 674 739 726 θ,
786 672 892 717 431.
939 672 990 717 Il.
1024 687 1071 732 η,
1118 671 1228 732 480)
1271 671 1454 730 primum
1491 674 1633 719 locum

165 741 393 797 assignant
422 741 522 786 Jovi
554 742 629 788 cfr.
661 745 712 788 Il.
747 746 782 798 ζ,
816 744 924 789 259:

315 811 372 865 ὥς
403 817 581 877 σπείσῃς
615 816 699 861 Λιὶ
729 817 864 877 πατρὶ
893 817 968 862 καὶ
1000 816 1149 869 ἄλλοις
1180 815 1485 863 ἀθανάτοισιν.

289 885 454 938 Quibus
491 891 687 934 omnibus
723 891 767 934 in
806 891 1052 935 muneribus
1090 891 1342 935 exercendis
1381 895 1425 935 et
1456 891 1636 949 publicis

166 962 212 1003 et
248 958 429 1016 privatis
460 975 516 1006 ne
552 976 752 1020 supremo
785 963 867 1008 deo
899 963 1124 1008 consilium
1154 963 1452 1021 sapientiaque
1483 963 1637 1009 deesse

166 1030 396 1088 videretur,
430 1045 598 1078 summa
635 1036 676 1079 ei
707 1036 911 1080 attributa
940 1040 1007 1080 est
1036 1036 1309 1094 providentia
1349 1061 1404 1067 —
1445 1035 1519 1080 cfr.
1553 1035 1636 1080 Od.

169 1113 206 1164 ξ,
248 1106 352 1154 243.
391 1110 574 1168 μητίετα
608 1109 730 1160 Ζεύς.
802 1109 853 1153 11.
902 1125 941 1167 ρ,
981 1109 1084 1153 399.
1125 1106 1291 1160 ὕπατος
1327 1108 1517 1168 μήστωρ.
1580 1109 1636 1161 Il.

172 1198 213 1236 υ,
257 1182 362 1227 461.
411 1181 516 1232 Διὸς
563 1180 748 1232 πυκινὸς
791 1181 904 1233 νόος.
974 1182 1025 1227 11.
1071 1198 1119 1235 w,
1166 1182 1238 1227 88.
1285 1179 1458 1239 ἄφθιτα
1496 1180 1640 1242 μήδεα

169 1254 298 1305 εἰδώς
329 1281 381 1288 -
419 1261 549 1312 atque
566 1255 620 1299 ab
636 1255 855 1300 hominum
869 1255 1054 1311 querelis
1071 1259 1114 1298 et
1134 1255 1386 1313 opprobriis,
1410 1269 1639 1300 aerumnas

172 1331 217 1372 et
238 1328 357 1371 mala
387 1327 601 1385 proficisci
633 1341 661 1371 a
692 1327 786 1384 diis,
820 1341 867 1371 se
899 1327 1092 1372 defendit
1113 1327 1274 1384 dicens,
1307 1327 1425 1384 ipsos
1445 1327 1640 1372 homines

173 1413 271 1444 esse
308 1400 351 1443 in
391 1400 539 1456 culpa,
588 1400 660 1455 qui
699 1399 928 1443 sanctitate
970 1413 1134 1443 morum
1172 1399 1336 1444 violata
1381 1413 1434 1443 ac
1478 1400 1642 1444 scelere

173 1472 328 1516 sceleri
366 1470 514 1515 addito
553 1472 671 1515 mala
708 1472 923 1529 permulta
966 1471 1057 1515 fato
1093 1471 1226 1516 invito
1271 1471 1351 1515 sibi
1388 1471 1644 1516 contrahant

175 1543 275 1603 (Od.
310 1560 351 1601 α,
384 1544 479 1603 33.)
512 1544 664 1599 quibus
694 1544 837 1588 verbis
869 1545 974 1588 nihil
1005 1544 1125 1588 aliud
1156 1544 1257 1589 dicit
1277 1544 1359 1588 nisi
1381 1557 1430 1588 se
1449 1544 1494 1587 in
1514 1544 1642 1588 rebus

173 1616 373 1661 humanis
410 1615 686 1660 moderandis
716 1619 898 1674 paterno
930 1615 1101 1673 quidem
1140 1615 1219 1661 sed
1249 1617 1378 1662 etiam
1410 1615 1642 1674 iustissimo

174 1689 236 1733 uti
271 1689 464 1746 imperio.
529 1689 655 1733 Hanc
691 1689 825 1733 fuisse
864 1689 1107 1746 opinionem
1146 1690 1209 1733 illi
1245 1689 1378 1733 aet-ati
1417 1689 1642 1746 probatam

176 1775 233 1805 ex
268 1761 397 1805 rebus
441 1760 486 1803 in
529 1760 667 1805 Iliade
714 1765 758 1805 et
800 1760 1002 1818 Odyssea
1047 1760 1232 1805 narratis
1278 1761 1382 1805 satis
1425 1759 1646 1805 evidenter

176 1834 331 1878 elucet.
416 1832 643 1890 Odysseae
689 1833 860 1889 quidem
907 1838 1043 1877 totum
1080 1838 1378 1889 argumentum
1423 1834 1516 1877 sine
1554 1833 1645 1876 ulla

177 1906 442 1951 dubitatione
486 1904 728 1962 confirmat,
775 1920 803 1950 a
840 1905 920 1950 diis
964 1919 1070 1950 suae
1109 1905 1262 1962 cuique
1298 1905 1423 1950 tribui
1461 1904 1645 1963 pretium

176 1979 322 2024 virtuti
366 1992 419 2021 ac
464 1992 632 2035 poenas
670 1979 815 2035 expeti
853 1992 880 2021 a
916 1978 1113 2034 nefariis,
1161 1979 1206 2022 id
1242 1977 1359 2034 quod
1390 1978 1485 2036 Jam
1527 1977 1645 2021 initio

178 2049 407 2108 Odysseae
440 2065 481 2106 α,
515 2051 572 2094 33
606 2063 661 2094 ex
692 2050 813 2095 Jovis
844 2050 986 2095 verbis
1017 2049 1146 2095 modo
1178 2050 1321 2095 allatis
1353 2053 1538 2108 apparet
1552 2048 1613 2108 ¹⁰).

299 2123 527 2168 Nonnullis
564 2123 692 2179 igitur
732 2124 941 2181 exemplis
980 2137 1035 2167 ex
1065 2123 1203 2168 Iliade
1241 2124 1385 2181 petitis
1416 2136 1645 2180 exponam,

179 2195 376 2252 quamvis
411 2195 486 2239 alii
524 2194 583 2239 dii
621 2196 709 2239 alia
746 2195 924 2240 consilia
962 2200 1207 2253 sequantur,
1255 2200 1400 2240 tamen
1437 2208 1647 2240 summam

179 2282 322 2314 rerum
373 2268 495 2313 Jovis
547 2268 672 2313 unius
726 2268 981 2313 auctoritate
1032 2283 1085 2313 ac
1125 2268 1294 2326 justitia
1345 2267 1646 2313 administrari.

179 2340 293 2385 Nam
331 2353 461 2396 quum
499 2341 623 2385 Paris
662 2341 832 2385 Helena
869 2345 995 2399 rapta
1026 2340 1100 2399 jus
1131 2340 1304 2399 hospitii
1334 2341 1554 2398 violasset,
1593 2338 1647 2384 ob

281 2545 325 2593 ¹⁰)
351 2545 412 2584 Ad
443 2546 541 2584 hunc
571 2547 691 2585 locum
715 2547 845 2585 Nitsch
870 2547 988 2595 (Anm.
1028 2558 1095 2584 zur
1133 2546 1293 2594 Odyssee
1332 2557 1367 2593 p.
1403 2545 1473 2593 11.)
1511 2544 1644 2592 optime

182 2607 347 2644 adnotat:
398 2607 515 2653 „Hier
539 2608 693 2655 kundigt
718 2608 796 2645 sich
820 2607 980 2654 sogleich
1007 2607 1072 2644 der
1096 2607 1253 2645 sittliche
1268 2607 1373 2645 Geist
1396 2605 1462 2642 der
1479 2604 1648 2653 ,Odyssea

183 2669 254 2706 an“
293 2674 330 2706 et
380 2669 505 2717 paullo
554 2668 716 2707 inferius.
779 2668 1092 2719 „Unverkennbar
1134 2668 1258 2706 waltet
1309 2668 1347 2705 in
1391 2666 1456 2704 der
1493 2665 1652 2713 Odyssee

182 2732 241 2768 die
262 2731 349 2768 Idee
367 2730 469 2767 einer
485 2730 684 2776 gottlichen
699 2730 975 2777 Gerechtigkeit
998 2730 1103 2766 mehr
1127 2741 1202 2776 vor,
1229 2730 1283 2766 als
1308 2729 1346 2765 in
1365 2728 1431 2765 der
1441 2728 1540 2773 Ilias,
1567 2753 1576 2762 .
1603 2752 1612 2761 .
1640 2752 1648 2760 .

176 2792 219 2838 ja
246 2791 298 2829 sie
323 2790 541 2829 beherrscht
565 2790 630 2828 das
656 2790 817 2828 Ganze.“
