1804 3088
853 94 912 140 1¹1

151 239 252 277 esse
289 224 430 282 majus
466 230 510 269 ct
544 225 629 282 ipsi
664 225 724 269 dii
753 225 1005 282 profitentur
1040 227 1112 281 qui
1146 227 1344 271 maximis
1382 228 1615 272 secundum

155 311 251 344 eum
298 296 494 341 fruuntur
538 296 787 353 honoribus,
835 301 964 353 atque
1006 301 1231 354 practerea
1273 298 1373 343 inde
1420 305 1615 357 apparet,
1659 355 1662 357 ,

154 368 270 426 quod
314 373 439 425 pater
484 367 660 411 deorum
705 381 792 411 non
839 369 977 412 solum
1014 369 1091 412 toti
1130 368 1315 426 Olympo
1359 370 1618 426 deorumque

154 441 334 489 concilio
369 444 556 497 praeest,
611 439 690 485 sed
725 454 1030 497 nonnunquam
1068 440 1197 485 etiam
1235 454 1288 485 ea
1320 441 1397 486 sibi
1428 441 1618 487 vindicat

148 513 268 571 jura,
316 523 428 568 quae
472 512 644 569 proprie
688 512 785 557 aliis
830 512 911 556 diis
954 516 1054 558 sunt
1100 511 1261 556 addita.
1335 512 1445 565 Quin
1491 514 1619 557 etiam

154 584 213 629 ad
243 597 340 628 eum
370 587 589 639 tamquam
620 583 678 627 ad
709 598 918 628 summum
947 597 1087 628 rerum
1114 583 1427 628 moderatorem
1449 584 1621 641 saepius

153 655 412 711 referuntur,
466 668 579 711 quae
631 655 810 700 aliorum
863 655 1039 699 deorum
1092 668 1226 713 opera
1271 660 1370 700 sunt
1414 655 1619 712 perfecta.

155 728 242 773 cfr.
291 726 373 772 od.
419 742 461 780 ε,
515 727 614 771 176.
660 743 706 780 ο,
753 728 855 784 297,
902 727 1005 771 475.
1052 742 1094 780 ε,
1139 728 1241 772 304.
1311 717 1453 784 Atque
1493 741 1621 784 quum

155 800 286 845 ceteri
329 799 388 843 dii
438 812 524 843 non
562 798 729 856 possint
770 799 852 843 nisi
905 799 979 842 ubi
1030 798 1188 843 adsunt
1242 812 1391 856 agere,
1441 799 1536 857 ipse
1577 800 1620 843 in

155 885 319 917 summo
365 876 508 915 monte
556 870 783 915 considens
830 871 1064 915 certamina
1100 871 1317 915 hominum
1360 870 1623 927 deorumque

154 943 360 1002 prospicit
405 942 633 999 ridensque
670 942 1097 1002 πολυπραγμοσύνην
1129 942 1306 987 deorum
1343 943 1437 987 acie
1475 942 1622 988 decer-

154 1016 334 1061 tantium
371 1015 481 1072 regit
519 1028 575 1059 ex
612 1028 689 1059 suo
729 1015 900 1059 arbitrio
938 1014 1032 1059 fata
1068 1019 1111 1059 et
1149 1014 1367 1059 hominum
1404 1018 1449 1059 et
1485 1029 1620 1073 popu-

154 1076 333 1134 lorum.⁸
376 1087 463 1133 Ofr.
502 1087 552 1132 Il.
592 1089 640 1141 θ,
686 1087 759 1132 47.
800 1093 854 1146 ψ,
901 1087 989 1132 385
1028 1100 1121 1143 sqq.
1186 1086 1330 1140 Quare
1359 1087 1557 1145 Juppiter
1593 1101 1622 1131 a

155 1161 306 1205 ceteris
344 1159 425 1204 diis
456 1173 620 1203 summo
652 1158 836 1203 afficitur
866 1159 1046 1216 honore3
1090 1159 1134 1202 in
1167 1159 1414 1203 concionem
1444 1159 1622 1204 deorum

154 1230 356 1289 prodiens
376 1230 799 1275 honorificentissime
830 1231 1064 1288 excipitur:
1098 1243 1246 1274 omnes
1277 1244 1303 1274 e
1334 1230 1505 1275 sedibus
1534 1232 1622 1276 suis

155 1302 394 1360 adsurgunt
429 1307 558 1359 atque
594 1298 820 1348 salutaturi
857 1302 898 1347 ei
937 1303 1106 1347 obviam
1136 1302 1386 1360 procedunt.
1450 1302 1537 1348 Cfr.
1569 1304 1619 1348 Il.

156 1390 198 1429 α,
230 1374 333 1419 533.

275 1448 344 1492 Ex
396 1446 463 1492 his
515 1446 721 1505 omnibus,
780 1460 892 1504 quae
943 1446 1071 1492 modo
1125 1446 1215 1491 dixi
1251 1446 1372 1501 „satis
1424 1451 1619 1506 apparet,

155 1520 309 1565 Jovem
353 1533 439 1563 non
481 1517 608 1563 modo
650 1519 836 1563 omnium
888 1519 1063 1563 deorum
1108 1519 1237 1575 longe
1282 1519 1620 1577 potentissimum

156 1605 210 1637 ac
255 1604 500 1649 supremum
535 1604 632 1636 esse
671 1589 970 1648 existimatum,
1018 1589 1097 1636 sed
1133 1604 1189 1636 ne
1226 1591 1378 1636 unius
1416 1589 1621 1648 quidem

157 1676 217 1708 ac
254 1654 423 1708 solius
457 1663 539 1707 dei
577 1663 861 1720 suspicionem
898 1664 953 1707 ab
985 1663 1097 1708 illius
1129 1664 1284 1708 aetatis
1313 1662 1460 1708 indole
1490 1664 1622 1721 plane

159 1735 345 1781 alienam
375 1733 561 1795 fuisse⁹).

859 1878 932 1925 Π.

280 1991 379 2035 Jam
426 1990 566 2046 qualis
603 1989 724 2033 Jovis
770 1994 949 2033 naturae
996 1993 1126 2045 atque
1169 2002 1310 2033 rerum
1345 1989 1626 2033 humanarum

161 2060 412 2121 gubernatio
442 2061 568 2105 fuerit
597 2060 748 2119 paucis
778 2073 1007 2119 exponam.
1060 2061 1214 2105 Jovem
1244 2065 1413 2119 patrem
1450 2060 1626 2105 deorum

163 2139 293 2192 atque
337 2132 554 2179 hominum
592 2147 685 2184 'non
727 2138 959 2191 propterea
994 2134 1226 2191 appellari,
1273 2133 1389 2190 quod
1434 2133 1628 2191 genuerit

164 2204 270 2253 deos
289 2205 581 2263 hominesque,
612 2204 692 2249 sed
720 2204 836 2261 quod
865 2209 1046 2262 patemo
1077 2205 1121 2248 in
1151 2205 1249 2249 illos
1279 2210 1423 2250 utatur
1447 2205 1626 2265 imperio

164 2284 293 2338 atque
323 2292 464 2324 rerum
493 2278 776 2323 humanarum
807 2290 952 2322 curam
984 2280 1100 2334 agat,
1133 2290 1262 2334 quum
1282 2281 1451 2323 veteres
1473 2277 1629 2323 docent

165 2343 376 2410 auctores,
413 2356 503 2419 tum
532 2354 624 2396 tota
652 2350 756 2395 Ilias
788 2354 831 2394 et
862 2348 1062 2408 Odyssea
1093 2349 1358 2395 confirmant.
1422 2350 1627 2396 Omnibus

264 2508 292 2555 ⁹)
317 2507 388 2546 Gfr.
417 2506 626 2545 Friedrichs
638 2504 741 2544 Real.
767 2505 806 2542 in
831 2504 865 2542 d.
891 2504 934 2541 Π.
959 2516 995 2542 ιι.
1022 2504 1089 2543 Od.
1113 2517 1150 2553 p.
1177 2508 1259 2543 631.
1302 2506 1405 2554 „Auf
1425 2506 1490 2543 ihn
1506 2506 1627 2554 (Zeus)

166 2566 348 2605 reduzirte
374 2567 453 2605 sich
468 2567 581 2615 Alles,
606 2566 681 2604 und
705 2565 804 2603 diese
830 2565 1202 2611 Auschauungsweise
1228 2566 1319 2603 lasst
1338 2566 1445 2603 einen
1463 2567 1626 2614 inneren,

168 2627 258 2665 aber
287 2628 383 2666 noch
408 2620 518 2670 nicht
549 2638 632 2667 zum
661 2627 793 2664 klaren
822 2624 1179 2663 Selbstbewusstsein
1209 2626 1470 2672 gekommenen
1500 2627 1627 2674 Drang

168 2688 263 2725 nach
286 2687 574 2727 Monotheismus
597 2686 724 2725 mitten
748 2685 798 2723 im
821 2685 1087 2735 Polytheismus
1112 2686 1334 2724 erkennen.“
