1804 3088
863 122 921 168 15

159 267 308 301 omnes
338 253 430 298 fere
459 257 504 298 et
532 253 679 310 graeci
709 259 756 300 et
782 256 902 300 latini
933 260 1090 314 poetae
1120 270 1218 301 eam
1247 260 1340 301 tota
1369 258 1620 314 antiquitate

159 327 500 387 potentissimam
546 326 672 372 deam
717 327 908 374 habitam
954 341 1053 374 esse
1097 328 1272 385 docent3
1321 329 1396 373 cfr.
1443 329 1618 374 Hesiod.

160 400 325 456 Theog.
373 399 481 455 896,
527 399 599 443 ubi
645 399 798 445 dieitur
842 396 937 444 ἴσον
984 401 1146 454 ἔχουσα
1187 399 1323 458 πατρὶ
1367 403 1498 456 μένος
1548 401 1622 445 καὶ

162 471 381 531 ἐπίφρονα
410 470 575 533 βουλήν
582 489 599 525 ,-
645 471 759 517 idem
790 472 894 517 dicit
922 472 1125 518 Horatius
1156 471 1238 518 od.
1270 473 1320 529 I.,
1357 473 1426 529 12,
1464 474 1533 517 19.

206 568 461 625 „Proximos
489 569 553 613 illi
584 567 719 628 (Jovi)
750 574 895 613 tamen
926 569 1155 627 occupavit
1184 568 1333 613 Pallas
1364 568 1593 612 honores.“

281 700 476 745 Minerva
504 701 633 758 igitur
661 701 705 745 in
721 700 922 759 Odyssea
937 714 1065 757 quum
1090 701 1204 757 quod
1220 705 1346 758 pater
1359 700 1622 756 decreverat,

160 771 274 817 idem
320 772 403 831 ipsi
448 773 653 831 placeret,
700 772 799 819 Jovi
844 772 1039 818 omnibus
1075 772 1119 817 in
1155 772 1282 817 rebus
1320 772 1507 818 maximo
1546 772 1625 817 fuit

161 844 432 902 adJumento3
490 845 606 900 quod
657 858 736 890 ne.
763 846 807 888 in
848 845 976 889 rebus
1016 845 1178 900 troicis,
1233 858 1345 900 quae
1395 845 1439 887 in
1486 844 1623 888 Iliade

155 915 425 974 enarrantur,
465 916 599 976 fieret,
637 916 857 974 utriusque
886 915 957 962 dei
990 916 1182 962 condicio
1213 915 1448 976 impedivit,
1495 929 1622 974 quum

161 990 424 1046 aliquamdiu
453 991 562 1034 alter
592 990 716 1034 alteri
745 989 913 1035 faveret
932 991 1058 1048 parti.
1123 990 1262 1042 Quam
1284 990 1337 1034 ob
1359 1003 1463 1046 rem,
1495 1003 1624 1046 quum

160 1061 358 1122 Juppiter
395 1075 444 1108 se
480 1062 697 1107 hominum
729 1062 950 1107 certamini
978 1062 1186 1108 interesse
1226 1075 1255 1107 a
1283 1061 1513 1121 majestate
1544 1075 1625 1107 sua

161 1131 346 1179 alienum
385 1148 482 1179 esse
519 1138 713 1179 censeret
749 1134 818 1192 (Π.
852 1150 893 1188 υ,
933 1135 988 1178 21
1011 1134 1145 1195 sqq.)
1183 1135 1227 1178 in
1257 1134 1310 1178 iis
1347 1147 1460 1190 quae
1490 1134 1624 1178 voluit

162 1206 466 1266 exsequendis,
511 1206 712 1265 Apolline
755 1220 858 1252 usus
903 1211 969 1252 est
1012 1206 1228 1266 adjutore,
1282 1220 1408 1264 quem
1451 1206 1624 1265 pietatis

162 1293 333 1337 semper
362 1292 594 1323 memorem
625 1279 862 1323 arctissimo
895 1292 991 1322 cum
1012 1284 1136 1337 patre
1156 1280 1328 1323 vinculo
1349 1281 1623 1337 conjunctum

161 1365 344 1409 eamque
389 1351 442 1396 ob
490 1364 666 1396 causam
713 1349 786 1395 Διὶ
822 1351 957 1408 φίλον
999 1352 1266 1410 appellatum
1304 1365 1402 1396 esse
1440 1354 1622 1396 constat.

163 1424 289 1478 Quod
327 1428 469 1468 autem
508 1436 719 1480 nusquam
757 1423 951 1481 legimus,
990 1424 1235 1482 Apollinem
1273 1424 1344 1481 qui
1384 1423 1539 1468 eodem
1570 1436 1624 1467 ac

162 1497 355 1543 Minerva
385 1500 479 1541 erat
508 1496 683 1553 honore,
715 1500 931 1554 potestate
962 1509 1042 1540 sua
1073 1497 1251 1541 abusum
1283 1509 1393 1554 esse,
1426 1500 1473 1541 ut
1501 1495 1623 1541 Jovis

162 1570 350 1615 consiliis
365 1568 594 1625 resisteret,
626 1568 858 1613 tenendum
889 1573 967 1625 est,
1005 1569 1118 1613 hunc
1140 1568 1268 1613 deum
1289 1568 1424 1626 patris
1447 1567 1624 1613 decreta

162 1642 254 1688 sive
284 1644 492 1699 θέμιστας
523 1653 747 1698 rerumque
768 1644 946 1686 eventus
969 1653 1025 1685 ex
1045 1639 1240 1699 ejusdem
1261 1640 1391 1685 animi
1412 1639 1625 1685 sententia

161 1716 410 1760 mortalibus
439 1713 667 1758 indicasse.
717 1712 854 1757 Omne
876 1714 987 1757 enim
1008 1712 1216 1772 μαντικῆς
1237 1713 1329 1757 sive
1350 1713 1623 1758 divinationis

164 1800 319 1844 genus,
379 1784 495 1843 quod
543 1788 739 1830 versatur
789 1785 832 1829 in
882 1785 1079 1841 ostentis,
1137 1785 1346 1842 auguriis,
1403 1784 1622 1842 prodigiis,

164 1859 350 1904 oraculis
380 1857 439 1903 ad
461 1858 546 1901 Δία
575 1862 863 1914 πανομφαῖον
884 1856 1152 1901 referendum
1185 1861 1270 1914 est3
1302 1857 1459 1915 Apollo
1482 1861 1625 1901 autem

165 1946 194 1976 a
223 1936 347 1991 patre
378 1930 556 1987 edoctus
587 1934 724 1975 sortes
755 1929 882 1975 edere
914 1930 1099 1988 optimus
1130 1939 1267 1987 augur
1296 1928 1514 1988 putandus
1546 1934 1624 1975 est.

163 2005 370 2050 Homines
422 2004 549 2060 igitur
600 2003 727 2048 docet
778 2006 915 2047 artem
961 2002 1225 2048 vaticinandi
1271 2008 1400 2060 atque
1447 2002 1626 2048 idoneos

164 2077 305 2123 reddit
355 2076 414 2121 ad
460 2074 785 2133 cognoscendas
840 2089 910 2120 res
962 2079 1007 2120 et
1051 2076 1306 2133 praeteritas
1352 2081 1395 2120 et
1446 2073 1625 2132 futuras,

165 2153 396 2208 perspecta
432 2162 578 2193 eorum
609 2152 776 2204 natura,
823 2160 935 2204 quae
980 2147 1024 2191 in
1067 2148 1313 2206 praesentia
1357 2147 1477 2193 fiunt.
1554 2147 1628 2193 Sic

166 2221 394 2267 Calchanti
445 2225 490 2265 et
539 2220 802 2278 Amphiarao
854 2219 1132 2279 μαντοσύνην
1192 2219 1398 2265 detulisse
1460 2220 1625 2276 dicitur,

166 2306 426 2351 quamquam
471 2291 514 2337 in
567 2292 651 2337 hoc
705 2305 874 2349 quoque
919 2305 1095 2337 munere
1133 2291 1367 2337 deferendo
1403 2292 1524 2338 Jovis
1561 2292 1627 2338 vis

165 2365 431 2424 perspicitur.
477 2364 589 2418 ‘Quo
620 2364 782 2409 factum
813 2368 890 2421 est,
923 2368 970 2409 ut
999 2365 1210 2422 posterior
1240 2369 1363 2410 aetas
1383 2365 1628 2423 Apollinem

167 2437 272 2489 Διός
330 2436 564 2498 προφήτην
628 2436 864 2481 celebraret
930 2441 974 2481 et
1033 2441 1203 2495 patrem
1262 2436 1350 2482 filio
1417 2438 1626 2495 majorem

166 2512 403 2556 extolleret.
466 2510 553 2555 efr.
586 2509 743 2554 Aesch.
775 2509 899 2552 Eum.
934 2510 1004 2554 17.
1037 2509 1170 2567 Soph.
1204 2509 1311 2553 oed.
1346 2510 1437 2554 σοι.
1473 2497 1574 2554 792.

289 2643 413 2698 Quae
444 2657 573 2701 quum
602 2644 665 2689 ita
694 2643 791 2698 sint,
821 2643 866 2690 in
895 2644 1022 2690 rebus
1044 2642 1322 2699 gravissimis,
1353 2642 1397 2686 in
1428 2642 1627 2701 precibus

167 2729 221 2760 ac
246 2715 527 2775 jurejurando
564 2716 611 2762 hi
648 2721 736 2761 tres
766 2716 975 2775 potissimi
1013 2719 1143 2772 atque
1173 2714 1411 2763 arctissime
1440 2715 1550 2762 inter
1581 2728 1630 2763 se
