1804 3088
858 128 917 176 37

302 264 418 311 ἀλλά
446 264 539 313 κατ’
568 264 725 318 αὐεοῧς
754 266 852 312 affl
877 263 981 326 ὅρα,
1011 265 1087 311 καὶ
1118 263 1308 325 vocifero
1337 260 1468 325 θύμῳ

302 398 388 462 ὅδε
408 412 469 457 «δέ
497 410 545 456 σε
571 415 818 471 φρονέοντι,
850 407 1064 460 adeunto
1094 412 1271 471 usqam
1301 407 1430 457 εῖναι.

276 496 429 541 Nonne
464 495 591 540 simili
626 495 793 555 ratione
828 495 997 552 spectat
1033 495 1092 540 'ad
1126 493 1247 541 Jovis
1284 496 1618 553 meditationem,

156 561 271 626 quod
286 561 337 613 Il.
358 577 407 622 π,
430 565 518 613 658
540 565 596 612 de
616 563 814 623 Hectore,
836 566 908 623 qui
929 567 1050 613 Jovis
1072 568 1248 614 consilio
1263 569 1358 627 jam
1380 568 1618 628 desperans

157 645 201 685 et
229 641 324 698 ipse
353 640 463 697 fugit
493 643 536 683 et
565 639 715 695 fugere
741 639 865 696 jubet
893 639 1120 696 Trojanos‚
1152 638 1326 696 legitur:

418 757 427 766 .
462 756 471 766 .
507 755 516 766 .
552 756 562 766 .
596 721 687 778 γνῶ
717 721 798 781 γάρ
832 721 935 780 Διός
964 722 1040 781 ἱρά
1070 722 1259 768 τάλαντα
1272 718 1337 782 ¹⁵).

275 809 383 852 Item
413 805 531 864 Ajax
561 806 675 851 eedit
703 803 891 863 Hectori,
924 803 1040 862 quod

276 891 376 948 γνῶ·
408 890 521 936 κατά
549 889 699 948 θυμόν
732 887 942 947 α’μύμονα
971 889 1145 952 ῥίγησέν
1176 907 1223 936 τε

276 963 380 1023 ἔργα
409 963 544 1021 θεῶν,
577 961 603 1008 ὅ
632 962 690 1024 ῥα
718 963 868 1021 πάγχυ
897 963 1039 1023 μάχης
1069 964 1143 1008 ἐπὶ
1171 964 1313 1024 μήδεα
1342 969 1459 1022 κεῖρε

278 1037 388 1088 Zetis
417 1034 714 1097 ὕψιβρεμέτης
750 1036 950 1096 Τρώεσσι
981 1036 1031 1081 δὲ
1060 1037 1243 1094 βούλετο
1274 1038 1413 1095 νίκην.

275 1121 358 1166 Ubi
380 1121 509 1178 igitur
531 1120 587 1165 de
615 1121 743 1165 rebus
762 1123 1003 1180 gravissimi
1021 1121 1223 1166 momenti
1246 1121 1387 1177 agitur
1407 1120 1619 1164 Homerus

153 1193 306 1238 Jovem
326 1193 602 1242 meditantem
633 1197 763 1249 atque
794 1203 938 1239 seeum
969 1194 1110 1239 animo
1142 1192 1412 1250 sapientique
1442 1190 1618 1235 oonsilio

154 1264 492 1322 perpendentem
528 1263 707 1319 induxit,
755 1269 798 1309 et
839 1265 1063 1323 aptissima
1106 1277 1209 1309 usus
1244 1263 1433 1320 imagine
1467 1262 1620 1307 libram

153 1335 289 1393 finxit,
332 1336 454 1393 eujus
491 1337 535 1381 in
571 1337 766 1382 lancibus
804 1342 941 1382 sortes
977 1337 1219 1382 mortalium
1250 1336 1475 1393 impositae
1506 1338 1618 1391 sunt,

153 1412 201 1452 ut
238 1408 338 1454 inde
370 1408 608 1467 justissimo
640 1408 802 1467 judicio
839 1423 963 1456 suum
1000 1410 1152 1467 cuique
1194 1408 1317 1453 tribui
1354 1418 1383 1453 a
1419 1420 1617 1466 supremo

154 1480 236 1524 deo
268 1485 481 1538 appareat
497 1480 559 1538 ¹⁶).

272 1563 359 1615 Alii
397 1563 631 1610 afferuntur
660 1564 744 1610 loei
775 1565 833 1610 ad
870 1564 1136 1624 probandam
1168 1564 1423 1611 sententiam
1455 1570 1614 1620 eorum,

152 1637 223 1694 qui
253 1637 406 1682 Jovem
437 1636 611 1681 decreta
641 1636 732 1693 fati,
765 1641 913 1694 utpote
945 1650 992 1682 se
1024 1638 1119 1695 ipso
1157 1637 1388 1695 superioris
1417 1633 1614 1692 numinis,

152 1709 330 1764 exsequi
359 1712 524 1766 putant.
573 1708 771 1766 Juppiter
790 1713 933 1752 autem
963 1722 1093 1765 quum
1123 1709 1167 1753 in
1190 1707 1407 1767 Calypsus
1429 1704 1614 1752 insulam

151 1780 405 1825 Mercurium
459 1780 695 1837 adIegaret,
748 1780 820 1836 qui
870 1780 1115 1838 Nympham
1164 1781 1337 1826 Ulixem
1392 1778 1616 1825 demittere

145 1851 328 1910 juberet,
360 1851 574 1897 mandatis
606 1854 694 1897 suis
723 1852 834 1896 haee
864 1851 1044 1910 adjecit:

249 1993 293 2042 ι5)
322 1994 452 2041 Itaque
484 1995 640 2033 Bothius
674 1998 774 2032 recte
811 1995 1069 2042 interpretatus
1107 1999 1177 2032 est:
1229 2004 1295 2042 „er
1332 1994 1511 2032 erkannte
1543 1994 1614 2032 den

149 2054 284 2102 Finger
309 2055 461 2093 Gottes“
487 2054 554 2093 cfr.
578 2056 698 2093 Bothe
723 2056 782 2103 11.,
807 2067 843 2103 p.
868 2057 954 2093 325.

249 2114 292 2162 ¹⁶)
329 2115 373 2151 In
403 2116 474 2152 hac
511 2115 654 2153 dicendi
696 2116 836 2154 ratione
873 2115 1032 2153 imitatus
1070 2119 1127 2153 est
1162 2115 1362 2153 Homerum
1398 2116 1612 2163 Aeschylus,

149 2187 320 2225 cuilocus
339 2179 544 2225 homericus
556 2188 600 2227 11.
611 2193 652 2232 χ,
673 2190 744 2226 209
764 2199 889 2225 ansam
900 2188 1070 2235 praebuit
1087 2187 1277 2235 fingendae
1298 2176 1612 2236 ψυχοστασίας,

147 2247 185 2284 111
201 2247 284 2295 ‘qua
313 2247 503 2294 tragoedia
526 2248 696 2295 Juppiter
719 2247 873 2284 Achillis
904 2252 942 2284 et
964 2243 1168 2284 Memnonis
1193 2247 1270 2284 fata
1293 2248 1499 2295 pensitavit.
1540 2248 1612 2285 Cfr.

147 2304 316 2356 Aeschyl.
349 2308 473 2356 Suppl.
513 2308 582 2347 735
621 2312 659 2345 et
688 2308 789 2345 Pers.
827 2308 909 2345 319.
973 2308 1171 2345 Praeterea
1210 2308 1442 2356 antiquorum
1479 2308 1612 2346 Daniel

146 2369 327 2416 propheta
363 2368 528 2406 similiter
557 2369 698 2406 locutus
737 2372 794 2405 est
830 2372 864 2415 5,
900 2368 964 2405 2⁷:
1009 2379 1215 2416 „appensus
1245 2370 1347 2407 fuisti
1377 2369 1542 2407 lancibus
1574 2373 1611 2406 et

145 2429 313 2468 inventus
338 2440 378 2468 es
407 2429 547 2467 minore
578 2428 777 2477 pondore.“
824 2428 874 2466 Et
903 2429 999 2467 inter
1027 2430 1250 2469 recentiores
1282 2433 1410 2479 poetas
1436 2429 1610 2468 Gleimius

146 2489 273 2542 eadem
298 2501 385 2530 mus
408 2490 564 2537 imagine
588 2490 627 2526 in
651 2489 806 2537 epinicio
830 2490 1055 2528 Rosbacensi
1079 2491 1133 2528 ita
1156 2491 1269 2528 canit:

269 2550 271 2553 ’
438 2550 551 2598 „Gott
574 2550 663 2588 aber
686 2554 766 2597 wog
790 2549 851 2586 bei
875 2550 1142 2599 Sternenklang

436 2612 512 2647 Der
535 2610 667 2647 beiden
690 2609 810 2647 Heere
834 2610 965 2657 Krieg;

435 2663 489 2708 Er
512 2675 602 2717 wag,
628 2668 702 2707 und
725 2668 925 2709 Preussens
949 2665 1103 2710 sohaa1e
1128 2672 1232 2721 saulx,

435 2731 519 2770 Una
543 2730 749 2775 Oestreiehs
772 2732 927 2771 sehaale
952 2732 1081 2779 stieg.“
