<?xml version="1.0" encoding="UTF-8"?>
<!DOCTYPE html PUBLIC "-//W3C//DTD XHTML 1.0 Transitional//EN"
    "http://www.w3.org/TR/xhtml1/DTD/xhtml1-transitional.dtd">
<html xmlns="http://www.w3.org/1999/xhtml" xml:lang="en" lang="en">
 <head>
  <title>
</title>
<meta http-equiv="Content-Type" content="text/html;charset=utf-8" />
  <meta name='ocr-system' content='tesseract 3.04.00' />
  <meta name='ocr-capabilities' content='ocr_page ocr_carea ocr_par ocr_line ocrx_word'/>
</head>
<body>
  <div class='ocr_page' id='page_1' title='image "4737185_0037.png"; bbox 0 0 1804 3088; ppageno 0'>
   <div class='ocr_carea' id='block_1_1' title="bbox 860 118 917 168">
    <p class='ocr_par' dir='ltr' id='par_1_1' title="bbox 860 118 917 168">
     <span class='ocr_line' id='line_1_1' title="bbox 860 118 917 168; baseline 0 0"><span class='ocrx_word' id='word_1_1' title='bbox 860 118 917 168; x_wconf 66' lang='lat' dir='ltr'><strong>m</strong></span> 
     </span>
    </p>
   </div>
   <div class='ocr_carea' id='block_1_2' title="bbox 159 252 1628 530">
    <p class='ocr_par' dir='ltr' id='par_1_2' title="bbox 159 252 1628 530">
     <span class='ocr_line' id='line_1_2' title="bbox 271 252 1621 314; baseline -0.002 -11"><span class='ocrx_word' id='word_1_2' title='bbox 271 255 648 314; x_wconf 63' lang='lat' dir='ltr'><strong>Naegelsbaehius</strong></span> <span class='ocrx_word' id='word_1_3' title='bbox 709 253 893 299; x_wconf 80' lang='lat' dir='ltr'><strong>eandem</strong></span> <span class='ocrx_word' id='word_1_4' title='bbox 952 253 1044 299; x_wconf 79' lang='lat' dir='ltr'><strong>fere</strong></span> <span class='ocrx_word' id='word_1_5' title='bbox 1104 252 1358 299; x_wconf 74' lang='lat' dir='ltr'><strong>sententiam</strong></span> <span class='ocrx_word' id='word_1_6' title='bbox 1412 255 1621 313; x_wconf 70' lang='lat' dir='ltr'><strong>probavit,</strong></span> 
     </span>
     <span class='ocr_line' id='line_1_3' title="bbox 159 320 1625 393; baseline -0.002 -18"><span class='ocrx_word' id='word_1_7' title='bbox 159 339 419 393; x_wconf 68' lang='lat' dir='ltr'><strong>quamquam</strong></span> <span class='ocrx_word' id='word_1_8' title='bbox 457 325 643 387; x_wconf 78' lang='lat' dir='ltr'><strong>plurima</strong></span> <span class='ocrx_word' id='word_1_9' title='bbox 679 325 806 371; x_wconf 82' lang='lat' dir='ltr'><strong>affert</strong></span> <span class='ocrx_word' id='word_1_10' title='bbox 841 330 1107 384; x_wconf 78' lang='lat' dir='ltr'><strong>argumenta,</strong></span> <span class='ocrx_word' id='word_1_11' title='bbox 1148 320 1300 384; x_wconf 79' lang='lat' dir='ltr'><strong>quibus</strong></span> <span class='ocrx_word' id='word_1_12' title='bbox 1336 326 1473 372; x_wconf 81' lang='lat' dir='ltr'><strong>fatum</strong></span> <span class='ocrx_word' id='word_1_13' title='bbox 1510 322 1625 373; x_wconf 81' lang='lat' dir='ltr'><strong>idem</strong></span> 
     </span>
     <span class='ocr_line' id='line_1_4' title="bbox 163 398 1626 463; baseline -0.005 -11"><span class='ocrx_word' id='word_1_14' title='bbox 163 412 291 463; x_wconf 84' lang='lat' dir='ltr'><strong>atque</strong></span> <span class='ocrx_word' id='word_1_15' title='bbox 321 403 442 450; x_wconf 87' lang='lat' dir='ltr'><strong>Jovis</strong></span> <span class='ocrx_word' id='word_1_16' title='bbox 479 400 699 445; x_wconf 81' lang='lat' dir='ltr'><strong>decretum</strong></span> <span class='ocrx_word' id='word_1_17' title='bbox 735 398 979 456; x_wconf 78' lang='lat' dir='ltr'><strong>significare</strong></span> <span class='ocrx_word' id='word_1_18' title='bbox 1016 401 1161 457; x_wconf 80' lang='lat' dir='ltr'><strong>evicit3</strong></span> <span class='ocrx_word' id='word_1_19' title='bbox 1212 404 1492 445; x_wconf 75' lang='lat' dir='ltr'><strong>veruntamen</strong></span> <span class='ocrx_word' id='word_1_20' title='bbox 1522 406 1626 445; x_wconf 81' lang='lat' dir='ltr'><strong>non·</strong></span> 
     </span>
     <span class='ocr_line' id='line_1_5' title="bbox 162 468 1628 530; baseline -0.005 -5"><span class='ocrx_word' id='word_1_21' title='bbox 162 478 269 525; x_wconf 90' lang='lat' dir='ltr'><strong>nulli</strong></span> <span class='ocrx_word' id='word_1_22' title='bbox 298 476 380 522; x_wconf 83' lang='lat' dir='ltr'><strong>alii·</strong></span> <span class='ocrx_word' id='word_1_23' title='bbox 401 473 487 520; x_wconf 87' lang='lat' dir='ltr'><strong>loci</strong></span> <span class='ocrx_word' id='word_1_24' title='bbox 517 472 559 518; x_wconf 90' lang='lat' dir='ltr'><strong>ei</strong></span> <span class='ocrx_word' id='word_1_25' title='bbox 590 468 884 517; x_wconf 77' lang='lat' dir='ltr'><strong>demonstrare</strong></span> <span class='ocrx_word' id='word_1_26' title='bbox 922 471 1131 530; x_wconf 86' lang='lat' dir='ltr'><strong>videntur,</strong></span> <span class='ocrx_word' id='word_1_27' title='bbox 1170 472 1307 519; x_wconf 84' lang='lat' dir='ltr'><strong>fatum</strong></span> <span class='ocrx_word' id='word_1_28' title='bbox 1343 485 1500 518; x_wconf 89' lang='lat' dir='ltr'><strong>numen</strong></span> <span class='ocrx_word' id='word_1_29' title='bbox 1531 485 1628 518; x_wconf 85' lang='lat' dir='ltr'><strong>esse</strong></span> 
     </span>
    </p>
   </div>
   <div class='ocr_carea' id='block_1_3' title="bbox 162 542 1630 667">
    <p class='ocr_par' dir='ltr' id='par_1_3' title="bbox 162 542 1630 667">
     <span class='ocr_line' id='line_1_6' title="bbox 162 542 1630 605; baseline -0.005 -9"><span class='ocrx_word' id='word_1_30' title='bbox 162 553 272 597; x_wconf 88' lang='lat' dir='ltr'><strong>Jove</strong></span> <span class='ocrx_word' id='word_1_31' title='bbox 315 547 524 605; x_wconf 82' lang='lat' dir='ltr'><strong>superius,</strong></span> <span class='ocrx_word' id='word_1_32' title='bbox 568 545 631 590; x_wconf 83' lang='lat' dir='ltr'><strong>ita</strong></span> <span class='ocrx_word' id='word_1_33' title='bbox 666 542 724 589; x_wconf 77' lang='lat' dir='ltr'><strong>ut&#39;</strong></span> <span class='ocrx_word' id='word_1_34' title='bbox 750 546 982 590; x_wconf 76' lang='lat' dir='ltr'><strong>Homerum</strong></span> <span class='ocrx_word' id='word_1_35' title='bbox 1026 544 1168 602; x_wconf 87' lang='lat' dir='ltr'><strong>ipsum</strong></span> <span class='ocrx_word' id='word_1_36' title='bbox 1198 542 1411 590; x_wconf 81' lang='lat' dir='ltr'><strong>existimet</strong></span> <span class='ocrx_word' id='word_1_37' title='bbox 1453 544 1509 588; x_wconf 89' lang='lat' dir='ltr'><strong>de</strong></span> <span class='ocrx_word' id='word_1_38' title='bbox 1551 544 1630 588; x_wconf 84' lang='lat' dir='ltr'><strong>fati</strong></span> 
     </span>
     <span class='ocr_line' id='line_1_7' title="bbox 164 616 729 667; baseline -0.012 0"><span class='ocrx_word' id='word_1_39' title='bbox 164 626 319 667; x_wconf 84' lang='lat' dir='ltr'><strong>natura</strong></span> <span class='ocrx_word' id='word_1_40' title='bbox 349 618 522 664; x_wconf 88' lang='lat' dir='ltr'><strong>dubium</strong></span> <span class='ocrx_word' id='word_1_41' title='bbox 553 616 698 662; x_wconf 86' lang='lat' dir='ltr'><strong>fuisse.</strong></span> <span class='ocrx_word' id='word_1_42' title='bbox 725 636 729 639; x_wconf 48' lang='lat'><strong>⁴</strong></span> 
     </span>
    </p>
   </div>
   <div class='ocr_carea' id='block_1_4' title="bbox 161 698 1652 2280">
    <p class='ocr_par' dir='ltr' id='par_1_4' title="bbox 161 698 1652 2280">
     <span class='ocr_line' id='line_1_8' title="bbox 284 698 1630 758; baseline -0.003 -10"><span class='ocrx_word' id='word_1_43' title='bbox 284 704 422 748; x_wconf 84' lang='lat' dir='ltr'><strong>Plane</strong></span> <span class='ocrx_word' id='word_1_44' title='bbox 466 702 511 745; x_wconf 86' lang='lat' dir='ltr'><strong>in</strong></span> <span class='ocrx_word' id='word_1_45' title='bbox 549 701 807 746; x_wconf 81' lang='lat' dir='ltr'><strong>contrariam</strong></span> <span class='ocrx_word' id='word_1_46' title='bbox 843 702 1098 745; x_wconf 82' lang='lat' dir='ltr'><strong>sententiam</strong></span> <span class='ocrx_word' id='word_1_47' title='bbox 1137 701 1331 746; x_wconf 83' lang='lat' dir='ltr'><strong>abierunt</strong></span> <span class='ocrx_word' id='word_1_48' title='bbox 1368 698 1565 757; x_wconf 74' lang='lat' dir='ltr'><strong>bangius</strong></span> <span class='ocrx_word' id='word_1_49' title='bbox 1579 699 1630 758; x_wconf 84' lang='lat'><strong>¹²)</strong></span> 
     </span>
     <span class='ocr_line' id='line_1_9' title="bbox 166 771 1634 835; baseline -0.003 -14"><span class='ocrx_word' id='word_1_50' title='bbox 166 781 211 822; x_wconf 87' lang='lat' dir='ltr'><strong>et</strong></span> <span class='ocrx_word' id='word_1_51' title='bbox 239 779 412 835; x_wconf 81' lang='lat' dir='ltr'><strong>praeter</strong></span> <span class='ocrx_word' id='word_1_52' title='bbox 447 784 596 819; x_wconf 88' lang='lat' dir='ltr'><strong>omnes</strong></span> <span class='ocrx_word' id='word_1_53' title='bbox 627 772 844 818; x_wconf 84' lang='lat' dir='ltr'><strong>Nitschius</strong></span> <span class='ocrx_word' id='word_1_54' title='bbox 858 771 924 833; x_wconf 81' lang='lat'><strong>¹³).</strong></span> <span class='ocrx_word' id='word_1_55' title='bbox 984 772 1194 831; x_wconf 75' lang='lat' dir='ltr'><strong>Equidem</strong></span> <span class='ocrx_word' id='word_1_56' title='bbox 1226 777 1383 830; x_wconf 85' lang='lat' dir='ltr'><strong>autem,</strong></span> <span class='ocrx_word' id='word_1_57' title='bbox 1423 771 1460 817; x_wconf 90' lang='lat' dir='ltr'><strong>si</strong></span> <span class='ocrx_word' id='word_1_58' title='bbox 1490 771 1634 817; x_wconf 83' lang='lat' dir='ltr'><strong>omnia</strong></span> 
     </span>
     <span class='ocr_line' id='line_1_10' title="bbox 166 843 1634 906; baseline -0.003 -13"><span class='ocrx_word' id='word_1_59' title='bbox 166 861 279 906; x_wconf 78' lang='lat' dir='ltr'><strong>quae</strong></span> <span class='ocrx_word' id='word_1_60' title='bbox 330 843 386 891; x_wconf 82' lang='lat' dir='ltr'><strong>de</strong></span> <span class='ocrx_word' id='word_1_61' title='bbox 425 847 536 891; x_wconf 79' lang='lat' dir='ltr'><strong>Jove</strong></span> <span class='ocrx_word' id='word_1_62' title='bbox 578 845 757 904; x_wconf 86' lang='lat' dir='ltr'><strong>ejusque</strong></span> <span class='ocrx_word' id='word_1_63' title='bbox 801 858 940 890; x_wconf 87' lang='lat' dir='ltr'><strong>rerum</strong></span> <span class='ocrx_word' id='word_1_64' title='bbox 991 846 1273 890; x_wconf 83' lang='lat' dir='ltr'><strong>humanarum</strong></span> <span class='ocrx_word' id='word_1_65' title='bbox 1325 844 1634 901; x_wconf 80' lang='lat' dir='ltr'><strong>gubernatione</strong></span> 
     </span>
     <span class='ocr_line' id='line_1_11' title="bbox 167 917 1634 976; baseline -0.003 -11"><span class='ocrx_word' id='word_1_66' title='bbox 167 919 362 976; x_wconf 75' lang='lat' dir='ltr'><strong>disserui,</strong></span> <span class='ocrx_word' id='word_1_67' title='bbox 418 918 562 963; x_wconf 82' lang='lat' dir='ltr'><strong>animo</strong></span> <span class='ocrx_word' id='word_1_68' title='bbox 615 917 792 963; x_wconf 84' lang='lat' dir='ltr'><strong>revolvo</strong></span> <span class='ocrx_word' id='word_1_69' title='bbox 837 931 891 962; x_wconf 84' lang='lat' dir='ltr'><strong>ae</strong></span> <span class='ocrx_word' id='word_1_70' title='bbox 942 917 1176 976; x_wconf 83' lang='lat' dir='ltr'><strong>perpendo,</strong></span> <span class='ocrx_word' id='word_1_71' title='bbox 1235 917 1405 962; x_wconf 83' lang='lat' dir='ltr'><strong>illorum</strong></span> <span class='ocrx_word' id='word_1_72' title='bbox 1450 917 1634 962; x_wconf 85' lang='lat' dir='ltr'><strong>virorum</strong></span> 
     </span>
     <span class='ocr_line' id='line_1_12' title="bbox 168 990 1634 1048; baseline -0.003 -11"><span class='ocrx_word' id='word_1_73' title='bbox 168 990 423 1038; x_wconf 82' lang='lat' dir='ltr'><strong>sententiam</strong></span> <span class='ocrx_word' id='word_1_74' title='bbox 458 990 594 1035; x_wconf 82' lang='lat' dir='ltr'><strong>fatum</strong></span> <span class='ocrx_word' id='word_1_75' title='bbox 623 1002 720 1035; x_wconf 84' lang='lat' dir='ltr'><strong>esse</strong></span> <span class='ocrx_word' id='word_1_76' title='bbox 739 990 851 1036; x_wconf 86' lang='lat' dir='ltr'><strong>Jove</strong></span> <span class='ocrx_word' id='word_1_77' title='bbox 878 990 1087 1048; x_wconf 82' lang='lat' dir='ltr'><strong>superius,</strong></span> <span class='ocrx_word' id='word_1_78' title='bbox 1119 990 1304 1048; x_wconf 85' lang='lat' dir='ltr'><strong>probare</strong></span> <span class='ocrx_word' id='word_1_79' title='bbox 1330 1002 1416 1034; x_wconf 90' lang='lat' dir='ltr'><strong>non</strong></span> <span class='ocrx_word' id='word_1_80' title='bbox 1444 1001 1634 1047; x_wconf 86' lang='lat' dir='ltr'><strong>possum,</strong></span> 
     </span>
     <span class='ocr_line' id='line_1_13' title="bbox 168 1061 1636 1122; baseline -0.002 -14"><span class='ocrx_word' id='word_1_81' title='bbox 168 1062 422 1122; x_wconf 75' lang='lat' dir='ltr'><strong>praesertim</strong></span> <span class='ocrx_word' id='word_1_82' title='bbox 454 1074 582 1119; x_wconf 86' lang='lat' dir='ltr'><strong>quum</strong></span> <span class='ocrx_word' id='word_1_83' title='bbox 614 1061 808 1106; x_wconf 84' lang='lat' dir='ltr'><strong>omnibus</strong></span> <span class='ocrx_word' id='word_1_84' title='bbox 839 1061 958 1119; x_wconf 84' lang='lat' dir='ltr'><strong>locis,</strong></span> <span class='ocrx_word' id='word_1_85' title='bbox 991 1062 1144 1119; x_wconf 84' lang='lat' dir='ltr'><strong>quibus</strong></span> <span class='ocrx_word' id='word_1_86' title='bbox 1174 1064 1362 1121; x_wconf 83' lang='grc' dir='ltr'><strong><em>μοίρας</em></strong></span> <span class='ocrx_word' id='word_1_87' title='bbox 1392 1065 1458 1106; x_wconf 82' lang='lat' dir='ltr'><strong>est</strong></span> <span class='ocrx_word' id='word_1_88' title='bbox 1478 1061 1636 1106; x_wconf 89' lang='lat' dir='ltr'><strong>mentio</strong></span> 
     </span>
     <span class='ocr_line' id='line_1_14' title="bbox 169 1130 1639 1193; baseline -0.001 -14"><span class='ocrx_word' id='word_1_89' title='bbox 169 1130 289 1180; x_wconf 78' lang='lat' dir='ltr'><strong>facta</strong></span> <span class='ocrx_word' id='word_1_90' title='bbox 328 1135 382 1179; x_wconf 87' lang='lat' dir='ltr'><strong>ab</strong></span> <span class='ocrx_word' id='word_1_91' title='bbox 413 1134 614 1191; x_wconf 85' lang='lat' dir='ltr'><strong>Homero,</strong></span> <span class='ocrx_word' id='word_1_92' title='bbox 654 1133 846 1178; x_wconf 71' lang='lat' dir='ltr'><strong>collectis</strong></span> <span class='ocrx_word' id='word_1_93' title='bbox 883 1137 926 1179; x_wconf 76' lang='lat' dir='ltr'><strong>et</strong></span> <span class='ocrx_word' id='word_1_94' title='bbox 962 1134 1072 1179; x_wconf 86' lang='lat' dir='ltr'><strong>inter</strong></span> <span class='ocrx_word' id='word_1_95' title='bbox 1108 1147 1156 1179; x_wconf 86' lang='lat' dir='ltr'><strong>se</strong></span> <span class='ocrx_word' id='word_1_96' title='bbox 1188 1133 1448 1193; x_wconf 82' lang='lat' dir='ltr'><strong>comparatis</strong></span> <span class='ocrx_word' id='word_1_97' title='bbox 1477 1133 1639 1178; x_wconf 83' lang='lat' dir='ltr'><strong>multae</strong></span> 
     </span>
     <span class='ocr_line' id='line_1_15' title="bbox 171 1206 1639 1263; baseline -0.001 -11"><span class='ocrx_word' id='word_1_98' title='bbox 171 1207 359 1252; x_wconf 76' lang='lat' dir='ltr'><strong>rationes</strong></span> <span class='ocrx_word' id='word_1_99' title='bbox 410 1218 480 1251; x_wconf 84' lang='lat' dir='ltr'><strong>me</strong></span> <span class='ocrx_word' id='word_1_100' title='bbox 526 1210 836 1262; x_wconf 79' lang='lat' dir='ltr'><strong>commoveant,</strong></span> <span class='ocrx_word' id='word_1_101' title='bbox 891 1210 937 1251; x_wconf 91' lang='lat' dir='ltr'><strong>ut</strong></span> <span class='ocrx_word' id='word_1_102' title='bbox 983 1207 1038 1251; x_wconf 88' lang='lat' dir='ltr'><strong>ab</strong></span> <span class='ocrx_word' id='word_1_103' title='bbox 1084 1207 1170 1252; x_wconf 85' lang='lat' dir='ltr'><strong>illis</strong></span> <span class='ocrx_word' id='word_1_104' title='bbox 1212 1206 1463 1252; x_wconf 77' lang='lat' dir='ltr'><strong>dissentiam</strong></span> <span class='ocrx_word' id='word_1_105' title='bbox 1509 1210 1639 1263; x_wconf 83' lang='lat' dir='ltr'><strong>atque</strong></span> 
     </span>
     <span class='ocr_line' id='line_1_16' title="bbox 170 1278 1639 1338; baseline -0.001 -14"><span class='ocrx_word' id='word_1_106' title='bbox 170 1279 223 1325; x_wconf 83' lang='lat' dir='ltr'><strong>iis</strong></span> <span class='ocrx_word' id='word_1_107' title='bbox 255 1278 476 1337; x_wconf 80' lang='lat' dir='ltr'><strong>accedam,</strong></span> <span class='ocrx_word' id='word_1_108' title='bbox 508 1278 580 1336; x_wconf 85' lang='lat' dir='ltr'><strong>qui</strong></span> <span class='ocrx_word' id='word_1_109' title='bbox 601 1279 757 1336; x_wconf 86' lang='lat' dir='ltr'><strong>omnia,</strong></span> <span class='ocrx_word' id='word_1_110' title='bbox 790 1290 902 1335; x_wconf 82' lang='lat' dir='ltr'><strong>quae</strong></span> <span class='ocrx_word' id='word_1_111' title='bbox 926 1278 983 1338; x_wconf 79' lang='lat' dir='ltr'><strong>ad</strong></span> <span class='ocrx_word' id='word_1_112' title='bbox 1012 1291 1153 1325; x_wconf 89' lang='lat' dir='ltr'><strong>rerum</strong></span> <span class='ocrx_word' id='word_1_113' title='bbox 1184 1278 1466 1325; x_wconf 86' lang='lat' dir='ltr'><strong>humanarum</strong></span> <span class='ocrx_word' id='word_1_114' title='bbox 1486 1278 1639 1337; x_wconf 87' lang='lat' dir='ltr'><strong>guber-</strong></span> 
     </span>
     <span class='ocr_line' id='line_1_17' title="bbox 171 1350 1639 1409; baseline -0.001 -13"><span class='ocrx_word' id='word_1_115' title='bbox 171 1351 389 1396; x_wconf 76' lang='lat' dir='ltr'><strong>nationem</strong></span> <span class='ocrx_word' id='word_1_116' title='bbox 418 1351 645 1409; x_wconf 82' lang='lat' dir='ltr'><strong>pertinent,</strong></span> <span class='ocrx_word' id='word_1_117' title='bbox 683 1351 743 1395; x_wconf 83' lang='lat' dir='ltr'><strong>ad</strong></span> <span class='ocrx_word' id='word_1_118' title='bbox 771 1351 924 1396; x_wconf 83' lang='lat' dir='ltr'><strong>Jovem</strong></span> <span class='ocrx_word' id='word_1_119' title='bbox 956 1357 1173 1397; x_wconf 82' lang='lat' dir='ltr'><strong>auctorem</strong></span> <span class='ocrx_word' id='word_1_120' title='bbox 1204 1352 1393 1398; x_wconf 88' lang='lat' dir='ltr'><strong>referunt</strong></span> <span class='ocrx_word' id='word_1_121' title='bbox 1423 1355 1555 1409; x_wconf 82' lang='lat' dir='ltr'><strong>atque</strong></span> <span class='ocrx_word' id='word_1_122' title='bbox 1585 1350 1639 1394; x_wconf 88' lang='lat' dir='ltr'><strong>ab</strong></span> 
     </span>
     <span class='ocr_line' id='line_1_18' title="bbox 173 1423 1641 1483; baseline -0.001 -15"><span class='ocrx_word' id='word_1_123' title='bbox 173 1424 268 1482; x_wconf 85' lang='lat' dir='ltr'><strong>ejus</strong></span> <span class='ocrx_word' id='word_1_124' title='bbox 287 1423 466 1469; x_wconf 79' lang='lat' dir='ltr'><strong>consilio</strong></span> <span class='ocrx_word' id='word_1_125' title='bbox 486 1427 530 1468; x_wconf 87' lang='lat' dir='ltr'><strong>et</strong></span> <span class='ocrx_word' id='word_1_126' title='bbox 563 1423 785 1469; x_wconf 85' lang='lat' dir='ltr'><strong>voluntate</strong></span> <span class='ocrx_word' id='word_1_127' title='bbox 805 1423 1041 1483; x_wconf 83' lang='lat' dir='ltr'><strong>repetenda</strong></span> <span class='ocrx_word' id='word_1_128' title='bbox 1061 1437 1160 1471; x_wconf 85' lang='lat' dir='ltr'><strong>esse</strong></span> <span class='ocrx_word' id='word_1_129' title='bbox 1182 1425 1420 1471; x_wconf 88' lang='lat' dir='ltr'><strong>voluerunt.</strong></span> <span class='ocrx_word' id='word_1_130' title='bbox 1469 1423 1641 1469; x_wconf 81' lang='lat' dir='ltr'><strong>Causae</strong></span> 
     </span>
     <span class='ocr_line' id='line_1_19' title="bbox 172 1493 1641 1556; baseline -0.001 -14"><span class='ocrx_word' id='word_1_131' title='bbox 172 1497 298 1554; x_wconf 87' lang='lat' dir='ltr'><strong>enim,</strong></span> <span class='ocrx_word' id='word_1_132' title='bbox 339 1508 449 1553; x_wconf 82' lang='lat' dir='ltr'><strong>quas</strong></span> <span class='ocrx_word' id='word_1_133' title='bbox 486 1495 544 1540; x_wconf 83' lang='lat' dir='ltr'><strong>ad</strong></span> <span class='ocrx_word' id='word_1_134' title='bbox 576 1496 699 1541; x_wconf 78' lang='lat' dir='ltr'><strong>illam</strong></span> <span class='ocrx_word' id='word_1_135' title='bbox 736 1497 993 1542; x_wconf 85' lang='lat' dir='ltr'><strong>sententiam·</strong></span> <span class='ocrx_word' id='word_1_136' title='bbox 1022 1496 1290 1556; x_wconf 77' lang='lat' dir='ltr'><strong>probandam</strong></span> <span class='ocrx_word' id='word_1_137' title='bbox 1329 1493 1527 1554; x_wconf 83' lang='lat' dir='ltr'><strong>afferunt,</strong></span> <span class='ocrx_word' id='word_1_138' title='bbox 1568 1496 1641 1553; x_wconf 87' lang='lat' dir='ltr'><strong>qui</strong></span> 
     </span>
     <span class='ocr_line' id='line_1_20' title="bbox 161 1568 1644 1633; baseline -0.001 -18"><span class='ocrx_word' id='word_1_139' title='bbox 161 1570 308 1633; x_wconf 15' lang='lat' dir='ltr'><strong>&#39;fatum</strong></span> <span class='ocrx_word' id='word_1_140' title='bbox 347 1568 465 1629; x_wconf 85' lang='lat' dir='ltr'><strong>apud</strong></span> <span class='ocrx_word' id='word_1_141' title='bbox 494 1568 728 1613; x_wconf 85' lang='lat' dir='ltr'><strong>Homerum</strong></span> <span class='ocrx_word' id='word_1_142' title='bbox 762 1579 946 1627; x_wconf 87' lang='lat' dir='ltr'><strong>regnare</strong></span> <span class='ocrx_word' id='word_1_143' title='bbox 983 1569 1142 1629; x_wconf 87' lang='lat' dir='ltr'><strong>dieunt,</strong></span> <span class='ocrx_word' id='word_1_144' title='bbox 1180 1583 1283 1616; x_wconf 88' lang='lat' dir='ltr'><strong>num</strong></span> <span class='ocrx_word' id='word_1_145' title='bbox 1322 1581 1454 1616; x_wconf 83' lang='lat' dir='ltr'><strong>verae</strong></span> <span class='ocrx_word' id='word_1_146' title='bbox 1485 1569 1570 1615; x_wconf 86' lang='lat' dir='ltr'><strong>sint</strong></span> <span class='ocrx_word' id='word_1_147' title='bbox 1599 1573 1644 1614; x_wconf 89' lang='lat' dir='ltr'><strong>et</strong></span> 
     </span>
     <span class='ocr_line' id='line_1_21' title="bbox 172 1637 1642 1694; baseline 0 -9"><span class='ocrx_word' id='word_1_148' title='bbox 172 1642 323 1687; x_wconf 81' lang='lat' dir='ltr'><strong>firmae</strong></span> <span class='ocrx_word' id='word_1_149' title='bbox 352 1641 484 1686; x_wconf 65' lang='lat' dir='ltr'><strong>valde</strong></span> <span class='ocrx_word' id='word_1_150' title='bbox 503 1637 662 1685; x_wconf 82' lang='lat' dir='ltr'><strong>dubito.</strong></span> <span class='ocrx_word' id='word_1_151' title='bbox 711 1641 837 1694; x_wconf 81' lang='lat' dir='ltr'><strong>Quod</strong></span> <span class='ocrx_word' id='word_1_152' title='bbox 860 1642 973 1687; x_wconf 91' lang='lat' dir='ltr'><strong>enim</strong></span> <span class='ocrx_word' id='word_1_153' title='bbox 993 1642 1141 1687; x_wconf 81' lang='lat' dir='ltr'><strong>dicunt</strong></span> <span class='ocrx_word' id='word_1_154' title='bbox 1169 1643 1365 1688; x_wconf 88' lang='lat' dir='ltr'><strong>homines</strong></span> <span class='ocrx_word' id='word_1_155' title='bbox 1397 1642 1642 1687; x_wconf 75' lang='lat' dir='ltr'><strong>homericae</strong></span> 
     </span>
     <span class='ocr_line' id='line_1_22' title="bbox 173 1712 1643 1773; baseline -0.001 -13"><span class='ocrx_word' id='word_1_156' title='bbox 173 1714 330 1760; x_wconf 74' lang='lat' dir='ltr'><strong>aetatis</strong></span> <span class='ocrx_word' id='word_1_157' title='bbox 371 1714 426 1759; x_wconf 84' lang='lat' dir='ltr'><strong>ob</strong></span> <span class='ocrx_word' id='word_1_158' title='bbox 464 1724 562 1758; x_wconf 78' lang='lat' dir='ltr'><strong>eam</strong></span> <span class='ocrx_word' id='word_1_159' title='bbox 606 1722 698 1758; x_wconf 83' lang='lat' dir='ltr'><strong>rem</strong></span> <span class='ocrx_word' id='word_1_160' title='bbox 743 1712 802 1757; x_wconf 85' lang='lat' dir='ltr'><strong>ad</strong></span> <span class='ocrx_word' id='word_1_161' title='bbox 845 1713 983 1759; x_wconf 83' lang='lat' dir='ltr'><strong>fatum</strong></span> <span class='ocrx_word' id='word_1_162' title='bbox 1032 1714 1289 1773; x_wconf 74' lang='lat' dir='ltr'><strong>confugisse,</strong></span> <span class='ocrx_word' id='word_1_163' title='bbox 1338 1714 1467 1773; x_wconf 90' lang='lat' dir='ltr'><strong>quod,</strong></span> <span class='ocrx_word' id='word_1_164' title='bbox 1514 1726 1643 1771; x_wconf 90' lang='lat' dir='ltr'><strong>quum</strong></span> 
     </span>
     <span class='ocr_line' id='line_1_23' title="bbox 172 1786 1645 1845; baseline -0.001 -13"><span class='ocrx_word' id='word_1_165' title='bbox 172 1787 271 1832; x_wconf 77' lang='lat' dir='ltr'><strong>Jovi</strong></span> <span class='ocrx_word' id='word_1_166' title='bbox 297 1798 328 1831; x_wconf 79' lang='lat' dir='ltr'><strong>a</strong></span> <span class='ocrx_word' id='word_1_167' title='bbox 352 1790 484 1845; x_wconf 85' lang='lat' dir='ltr'><strong>poeta</strong></span> <span class='ocrx_word' id='word_1_168' title='bbox 510 1798 598 1830; x_wconf 87' lang='lat' dir='ltr'><strong>non</strong></span> <span class='ocrx_word' id='word_1_169' title='bbox 625 1786 849 1831; x_wconf 81' lang='lat' dir='ltr'><strong>absolutae</strong></span> <span class='ocrx_word' id='word_1_170' title='bbox 880 1786 960 1831; x_wconf 84' lang='lat' dir='ltr'><strong>sed</strong></span> <span class='ocrx_word' id='word_1_171' title='bbox 980 1800 1245 1845; x_wconf 81' lang='lat' dir='ltr'><strong>permagnae</strong></span> <span class='ocrx_word' id='word_1_172' title='bbox 1270 1792 1436 1832; x_wconf 83' lang='lat' dir='ltr'><strong>tautum</strong></span> <span class='ocrx_word' id='word_1_173' title='bbox 1466 1787 1645 1832; x_wconf 85' lang='lat' dir='ltr'><strong>virtutes</strong></span> 
     </span>
     <span class='ocr_line' id='line_1_24' title="bbox 173 1854 1646 1916; baseline -0.001 -11"><span class='ocrx_word' id='word_1_174' title='bbox 173 1854 356 1905; x_wconf 79' lang='lat' dir='ltr'><strong>tributae</strong></span> <span class='ocrx_word' id='word_1_175' title='bbox 384 1862 541 1916; x_wconf 76' lang='lat' dir='ltr'><strong>essent,</strong></span> <span class='ocrx_word' id='word_1_176' title='bbox 580 1856 787 1905; x_wconf 73' lang='lat' dir='ltr'><strong>defuisset</strong></span> <span class='ocrx_word' id='word_1_177' title='bbox 822 1858 874 1905; x_wconf 85' lang='lat' dir='ltr'><strong>iis</strong></span> <span class='ocrx_word' id='word_1_178' title='bbox 904 1867 1061 1906; x_wconf 78' lang='lat' dir='ltr'><strong>numen</strong></span> <span class='ocrx_word' id='word_1_179' title='bbox 1097 1861 1339 1907; x_wconf 81' lang='lat' dir='ltr'><strong>absolutum</strong></span> <span class='ocrx_word' id='word_1_180' title='bbox 1371 1864 1415 1906; x_wconf 88' lang='lat' dir='ltr'><strong>et</strong></span> <span class='ocrx_word' id='word_1_181' title='bbox 1445 1873 1501 1906; x_wconf 85' lang='lat' dir='ltr'><strong>ex</strong></span> <span class='ocrx_word' id='word_1_182' title='bbox 1532 1859 1646 1905; x_wconf 87' lang='lat' dir='ltr'><strong>omni</strong></span> 
     </span>
     <span class='ocr_line' id='line_1_25' title="bbox 174 1927 1648 1991; baseline -0.002 -13"><span class='ocrx_word' id='word_1_183' title='bbox 174 1937 300 1991; x_wconf 76' lang='lat' dir='ltr'><strong>parte</strong></span> <span class='ocrx_word' id='word_1_184' title='bbox 336 1927 568 1990; x_wconf 82' lang='lat' dir='ltr'><strong>expletum,</strong></span> <span class='ocrx_word' id='word_1_185' title='bbox 608 1930 666 1975; x_wconf 82' lang='lat' dir='ltr'><strong>ad</strong></span> <span class='ocrx_word' id='word_1_186' title='bbox 710 1931 826 1988; x_wconf 86' lang='lat' dir='ltr'><strong>quod</strong></span> <span class='ocrx_word' id='word_1_187' title='bbox 862 1932 1074 1991; x_wconf 84' lang='lat' dir='ltr'><strong>principia</strong></span> <span class='ocrx_word' id='word_1_188' title='bbox 1109 1948 1250 1979; x_wconf 88' lang='lat' dir='ltr'><strong>rerum</strong></span> <span class='ocrx_word' id='word_1_189' title='bbox 1294 1933 1564 1989; x_wconf 86' lang='lat' dir='ltr'><strong>referrentur,</strong></span> <span class='ocrx_word' id='word_1_190' title='bbox 1603 1932 1648 1976; x_wconf 91' lang='lat' dir='ltr'><strong>id</strong></span> 
     </span>
     <span class='ocr_line' id='line_1_26' title="bbox 169 2002 1646 2065; baseline -0.001 -14"><span class='ocrx_word' id='word_1_191' title='bbox 169 2015 255 2065; x_wconf 67' lang='lat' dir='ltr'><strong>‘pro</strong></span> <span class='ocrx_word' id='word_1_192' title='bbox 287 2007 539 2063; x_wconf 76' lang='lat' dir='ltr'><strong>argumento</strong></span> <span class='ocrx_word' id='word_1_193' title='bbox 569 2002 781 2062; x_wconf 77' lang='lat' dir='ltr'><strong>probabili</strong></span> <span class='ocrx_word' id='word_1_194' title='bbox 811 2004 971 2051; x_wconf 80' lang='lat' dir='ltr'><strong>habere</strong></span> <span class='ocrx_word' id='word_1_195' title='bbox 1008 2020 1095 2052; x_wconf 91' lang='lat' dir='ltr'><strong>non</strong></span> <span class='ocrx_word' id='word_1_196' title='bbox 1126 2018 1316 2065; x_wconf 86' lang='lat' dir='ltr'><strong>possum.</strong></span> <span class='ocrx_word' id='word_1_197' title='bbox 1371 2005 1483 2059; x_wconf 83' lang='lat' dir='ltr'><strong>Quid</strong></span> <span class='ocrx_word' id='word_1_198' title='bbox 1514 2004 1646 2050; x_wconf 81' lang='lat' dir='ltr'><strong>enim!</strong></span> 
     </span>
     <span class='ocr_line' id='line_1_27' title="bbox 177 2076 1650 2134; baseline -0.001 -11"><span class='ocrx_word' id='word_1_199' title='bbox 177 2085 322 2123; x_wconf 77' lang='lat' dir='ltr'><strong>nonne</strong></span> <span class='ocrx_word' id='word_1_200' title='bbox 366 2077 473 2122; x_wconf 84' lang='lat' dir='ltr'><strong>deos</strong></span> <span class='ocrx_word' id='word_1_201' title='bbox 519 2080 648 2133; x_wconf 76' lang='lat' dir='ltr'><strong>atque</strong></span> <span class='ocrx_word' id='word_1_202' title='bbox 693 2076 834 2134; x_wconf 80' lang='lat' dir='ltr'><strong>ipsum</strong></span> <span class='ocrx_word' id='word_1_203' title='bbox 879 2078 1031 2123; x_wconf 83' lang='lat' dir='ltr'><strong>Jovem</strong></span> <span class='ocrx_word' id='word_1_204' title='bbox 1077 2078 1294 2123; x_wconf 79' lang='lat' dir='ltr'><strong>hominum</strong></span> <span class='ocrx_word' id='word_1_205' title='bbox 1345 2078 1506 2123; x_wconf 84' lang='lat' dir='ltr'><strong>similes</strong></span> <span class='ocrx_word' id='word_1_206' title='bbox 1552 2089 1650 2121; x_wconf 82' lang='lat' dir='ltr'><strong>esse</strong></span> 
     </span>
     <span class='ocr_line' id='line_1_28' title="bbox 179 2146 1652 2209; baseline -0.002 -13"><span class='ocrx_word' id='word_1_207' title='bbox 179 2149 331 2196; x_wconf 74' lang='lat' dir='ltr'><strong>statuit</strong></span> <span class='ocrx_word' id='word_1_208' title='bbox 356 2146 600 2195; x_wconf 75' lang='lat' dir='ltr'><strong>Homerus?</strong></span> <span class='ocrx_word' id='word_1_209' title='bbox 648 2149 753 2209; x_wconf 85' lang='lat' dir='ltr'><strong>Ipse</strong></span> <span class='ocrx_word' id='word_1_210' title='bbox 780 2150 893 2196; x_wconf 76' lang='lat' dir='ltr'><strong>emm</strong></span> <span class='ocrx_word' id='word_1_211' title='bbox 922 2150 1122 2209; x_wconf 77' lang='lat' dir='ltr'><strong>Juppiter</strong></span> <span class='ocrx_word' id='word_1_212' title='bbox 1158 2149 1391 2208; x_wconf 82' lang='lat' dir='ltr'><strong>aliquando</strong></span> <span class='ocrx_word' id='word_1_213' title='bbox 1426 2153 1554 2195; x_wconf 86' lang='lat' dir='ltr'><strong>natus</strong></span> <span class='ocrx_word' id='word_1_214' title='bbox 1585 2152 1652 2194; x_wconf 87' lang='lat' dir='ltr'><strong>est</strong></span> 
     </span>
     <span class='ocr_line' id='line_1_29' title="bbox 182 2220 1649 2280; baseline -0.001 -14"><span class='ocrx_word' id='word_1_215' title='bbox 182 2221 350 2278; x_wconf 74' lang='lat' dir='ltr'><strong>etquid</strong></span> <span class='ocrx_word' id='word_1_216' title='bbox 369 2222 427 2267; x_wconf 81' lang='lat' dir='ltr'><strong>sit</strong></span> <span class='ocrx_word' id='word_1_217' title='bbox 444 2220 691 2267; x_wconf 73' lang='lat' dir='ltr'><strong>faciendum</strong></span> <span class='ocrx_word' id='word_1_218' title='bbox 711 2233 1017 2280; x_wconf 79' lang='lat' dir='ltr'><strong>nonnunquam</strong></span> <span class='ocrx_word' id='word_1_219' title='bbox 1043 2236 1163 2268; x_wconf 88' lang='lat' dir='ltr'><strong>more</strong></span> <span class='ocrx_word' id='word_1_220' title='bbox 1185 2223 1405 2268; x_wconf 85' lang='lat' dir='ltr'><strong>hominum</strong></span> <span class='ocrx_word' id='word_1_221' title='bbox 1428 2221 1649 2277; x_wconf 83' lang='lat' dir='ltr'><strong>deliberat,</strong></span> 
     </span>
    </p>
   </div>
   <div class='ocr_carea' id='block_1_5' title="bbox 170 2292 1652 2425">
    <p class='ocr_par' dir='ltr' id='par_1_5' title="bbox 170 2292 1652 2425">
     <span class='ocr_line' id='line_1_30' title="bbox 170 2292 1651 2355; baseline -0.001 -16"><span class='ocrx_word' id='word_1_222' title='bbox 170 2302 440 2353; x_wconf 75' lang='lat' dir='ltr'><strong>quamquam</strong></span> <span class='ocrx_word' id='word_1_223' title='bbox 479 2303 566 2341; x_wconf 81' lang='lat' dir='ltr'><strong>uno</strong></span> <span class='ocrx_word' id='word_1_224' title='bbox 602 2296 701 2341; x_wconf 78' lang='lat' dir='ltr'><strong>loco</strong></span> <span class='ocrx_word' id='word_1_225' title='bbox 745 2293 814 2355; x_wconf 82' lang='lat'>(11.</span> <span class='ocrx_word' id='word_1_226' title='bbox 853 2309 891 2349; x_wconf 71' lang='lat' dir='ltr'><strong>v,</strong></span> <span class='ocrx_word' id='word_1_227' title='bbox 930 2294 1039 2354; x_wconf 84' lang='lat'>223)</span> <span class='ocrx_word' id='word_1_228' title='bbox 1075 2293 1297 2342; x_wconf 78' lang='lat' dir='ltr'><strong>absolutus</strong></span> <span class='ocrx_word' id='word_1_229' title='bbox 1335 2292 1651 2353; x_wconf 81' lang='lat' dir='ltr'><strong>quodammodo</strong></span> 
     </span>
     <span class='ocr_line' id='line_1_31' title="bbox 181 2366 1652 2425; baseline -0.001 -14"><span class='ocrx_word' id='word_1_230' title='bbox 181 2366 229 2411; x_wconf 71' lang='lat' dir='ltr'><strong>in</strong></span> <span class='ocrx_word' id='word_1_231' title='bbox 257 2366 487 2424; x_wconf 66' lang='lat' dir='ltr'><strong>cogitando</strong></span> <span class='ocrx_word' id='word_1_232' title='bbox 509 2366 806 2413; x_wconf 78' lang='lat' dir='ltr'><strong>essevidetur.</strong></span> <span class='ocrx_word' id='word_1_233' title='bbox 854 2368 955 2413; x_wconf 79' lang='lat' dir='ltr'><strong>Huc</strong></span> <span class='ocrx_word' id='word_1_234' title='bbox 972 2367 1154 2425; x_wconf 73' lang='lat' dir='ltr'><strong>accedit,</strong></span> <span class='ocrx_word' id='word_1_235' title='bbox 1187 2367 1301 2424; x_wconf 86' lang='lat' dir='ltr'><strong>quod</strong></span> <span class='ocrx_word' id='word_1_236' title='bbox 1331 2375 1652 2422; x_wconf 80' lang='lat' dir='ltr'><strong>nonnumquam</strong></span> 
     </span>
    </p>
   </div>
   <div class='ocr_carea' id='block_1_6' title="bbox 184 2463 473 2472">
    <p class='ocr_par' dir='ltr' id='par_1_6' title="bbox 184 2463 473 2472">
     <span class='ocr_line' id='line_1_32' title="bbox 184 2463 473 2472; baseline 0 616"><span class='ocrx_word' id='word_1_237' title='bbox 184 2463 473 2472; x_wconf 95' lang='lat' dir='ltr'><strong> </strong></span> 
     </span>
    </p>
   </div>
   <div class='ocr_carea' id='block_1_7' title="bbox 184 2495 1655 2792">
    <p class='ocr_par' dir='ltr' id='par_1_7' title="bbox 184 2495 1655 2668">
     <span class='ocr_line' id='line_1_33' title="bbox 184 2495 1655 2543; baseline -0.001 -10"><span class='ocrx_word' id='word_1_238' title='bbox 184 2497 337 2543; x_wconf 50' lang='lat' dir='ltr'><strong>gehtllln</strong></span> <span class='ocrx_word' id='word_1_239' title='bbox 377 2499 560 2537; x_wconf 85' lang='lat' dir='ltr'><strong>erscheint</strong></span> <span class='ocrx_word' id='word_1_240' title='bbox 590 2498 703 2537; x_wconf 78' lang='lat' dir='ltr'><strong>sehon</strong></span> <span class='ocrx_word' id='word_1_241' title='bbox 732 2498 793 2536; x_wconf 87' lang='lat' dir='ltr'><strong>bei</strong></span> <span class='ocrx_word' id='word_1_242' title='bbox 818 2498 957 2536; x_wconf 76' lang='lat' dir='ltr'><strong>Homer</strong></span> <span class='ocrx_word' id='word_1_243' title='bbox 987 2499 1080 2536; x_wconf 69' lang='lat' dir='ltr'><strong>tiber</strong></span> <span class='ocrx_word' id='word_1_244' title='bbox 1106 2498 1260 2536; x_wconf 70' lang='lat' dir='ltr'><strong>Gottern</strong></span> <span class='ocrx_word' id='word_1_245' title='bbox 1287 2497 1364 2535; x_wconf 81' lang='lat' dir='ltr'><strong>und</strong></span> <span class='ocrx_word' id='word_1_246' title='bbox 1386 2495 1588 2534; x_wconf 78' lang='lat' dir='ltr'><strong>Menschen</strong></span> <span class='ocrx_word' id='word_1_247' title='bbox 1615 2496 1655 2532; x_wconf 87' lang='lat' dir='ltr'><strong>in</strong></span> 
     </span>
     <span class='ocr_line' id='line_1_34' title="bbox 186 2554 1655 2608; baseline -0.002 -13"><span class='ocrx_word' id='word_1_248' title='bbox 186 2557 505 2608; x_wconf 68' lang='lat' dir='ltr'><strong>unperscnlicher,</strong></span> <span class='ocrx_word' id='word_1_249' title='bbox 555 2558 658 2598; x_wconf 75' lang='lat' dir='ltr'><strong>Allcs</strong></span> <span class='ocrx_word' id='word_1_250' title='bbox 705 2557 956 2598; x_wconf 80' lang='lat' dir='ltr'><strong>umfassender</strong></span> <span class='ocrx_word' id='word_1_251' title='bbox 1009 2558 1144 2597; x_wconf 75' lang='lat' dir='ltr'><strong>Grosse</strong></span> <span class='ocrx_word' id='word_1_252' title='bbox 1197 2556 1271 2596; x_wconf 82' lang='lat' dir='ltr'><strong>und</strong></span> <span class='ocrx_word' id='word_1_253' title='bbox 1317 2556 1388 2596; x_wconf 81' lang='lat' dir='ltr'><strong>in’s</strong></span> <span class='ocrx_word' id='word_1_254' title='bbox 1427 2554 1655 2595; x_wconf 86' lang='lat' dir='ltr'><strong>Unendliche</strong></span> 
     </span>
     <span class='ocr_line' id='line_1_35' title="bbox 187 2616 876 2668; baseline 0.004 -14"><span class='ocrx_word' id='word_1_255' title='bbox 187 2617 527 2658; x_wconf 77' lang='lat' dir='ltr'><strong>verschwindender</strong></span> <span class='ocrx_word' id='word_1_256' title='bbox 552 2616 876 2668; x_wconf 78' lang='lat' dir='ltr'><strong>Gestaltlosigkeit.</strong></span> 
     </span>
    </p>

    <p class='ocr_par' dir='ltr' id='par_1_8' title="bbox 287 2674 1468 2728">
     <span class='ocr_line' id='line_1_36' title="bbox 287 2674 1468 2728; baseline -0.003 -9"><span class='ocrx_word' id='word_1_257' title='bbox 287 2675 330 2726; x_wconf 67' lang='lat'><strong>⁸&gt;</strong></span> <span class='ocrx_word' id='word_1_258' title='bbox 352 2674 450 2718; x_wconf 68' lang='lat' dir='ltr'><strong>nim.</strong></span> <span class='ocrx_word' id='word_1_259' title='bbox 475 2679 515 2718; x_wconf 82' lang='lat' dir='ltr'><strong>in</strong></span> <span class='ocrx_word' id='word_1_260' title='bbox 538 2679 607 2718; x_wconf 77' lang='lat' dir='ltr'><strong>das</strong></span> <span class='ocrx_word' id='word_1_261' title='bbox 629 2678 796 2718; x_wconf 72' lang='lat' dir='ltr'><strong>Studium</strong></span> <span class='ocrx_word' id='word_1_262' title='bbox 819 2674 886 2717; x_wconf 80' lang='lat' dir='ltr'><strong>der</strong></span> <span class='ocrx_word' id='word_1_263' title='bbox 909 2678 1045 2728; x_wconf 78' lang='lat' dir='ltr'><strong>griech.</strong></span> <span class='ocrx_word' id='word_1_264' title='bbox 1068 2677 1296 2728; x_wconf 63' lang='lat' dir='ltr'><strong>mythologie</strong></span> <span class='ocrx_word' id='word_1_265' title='bbox 1321 2680 1468 2726; x_wconf 86' lang='lat' dir='ltr'><strong>p.100.</strong></span> 
     </span>
    </p>

    <p class='ocr_par' dir='ltr' id='par_1_9' title="bbox 289 2735 1101 2792">
     <span class='ocr_line' id='line_1_37' title="bbox 289 2735 1101 2792; baseline 0.001 -12"><span class='ocrx_word' id='word_1_266' title='bbox 289 2737 332 2788; x_wconf 75' lang='lat'><strong>¹³&gt;</strong></span> <span class='ocrx_word' id='word_1_267' title='bbox 355 2739 530 2782; x_wconf 71' lang='lat' dir='ltr'><strong>Amerk.</strong></span> <span class='ocrx_word' id='word_1_268' title='bbox 556 2748 623 2780; x_wconf 77' lang='lat' dir='ltr'><strong>zur</strong></span> <span class='ocrx_word' id='word_1_269' title='bbox 648 2735 809 2792; x_wconf 66' lang='lat' dir='ltr'><strong>odyssea</strong></span> <span class='ocrx_word' id='word_1_270' title='bbox 833 2740 863 2780; x_wconf 91' lang='lat'><strong>1.</strong></span> <span class='ocrx_word' id='word_1_271' title='bbox 888 2750 924 2791; x_wconf 85' lang='lat' dir='ltr'><strong>p.</strong></span> <span class='ocrx_word' id='word_1_272' title='bbox 953 2741 1023 2782; x_wconf 80' lang='lat'><strong>1⁷8</strong></span> <span class='ocrx_word' id='word_1_273' title='bbox 1048 2752 1101 2789; x_wconf 85' lang='lat' dir='ltr'><strong>sq.</strong></span> 
     </span>
    </p>
   </div>
  </div>
 </body>
</html>
