1804 3088
6 2551 14 2610 ‚no—-
6 2497 11 2539 —->

890 171 945 217 11

332 308 410 351 καί
441 322 498 364 με
526 306 829 366 πρεσβυτάτην
867 308 1015 350 τέκετο
1048 301 1216 361 Κρόνος
1247 299 1546 363 ἀγκυλομήτης

335 377 601 439 άμφότερον,
635 379 762 439 γενεῇ
791 393 840 422 τε
868 376 943 421 καὶ
973 372 1135 422 οὕνεκα
1166 375 1223 434 σή
1252 374 1509 434 παράκοιτις

334 451 546 511 κέκλημαι
548 484 679 495 .....

311 524 453 581 Atque
496 524 550 567 ob
595 536 693 567 eam
734 534 828 565 rem
873 520 1144 577 conqueritur
1186 534 1240 565 ac
1282 519 1381 565 Jovi
1428 520 1656 577 opprobrio

192 596 330 653 vertit,
363 593 479 651 quod
509 607 607 639 cum
635 594 735 652 ipsa
763 606 850 637 non
881 592 1026 639 omnia
1052 606 1133 638 sua
1155 592 1335 638 consilia
1356 593 1656 638 communicet:

285 664 359 712 αἐί
387 664 561 725 (iuquit)
591 681 660 710 τοι
691 665 823 723 φίλον
854 664 973 710 ἐστὶν
1004 664 1111 722 ἐμεῦ
1143 663 1394 723 ἀπονόσφιν
1425 664 1568 724 ἐόντα,

284 738 531 797 κρυπτάδια
564 740 810 797 φρονέοντα
839 738 1066 794 δικαζέμεν
1097 736 1244 783 οὖδέτι
1272 738 1345 782 παῖ
1373 754 1452 795 μοι

286 810 504 870 πρόφρων
535 810 742 871 τέτληκας
771 808 914 856 εἰπεῖν
946 811 1062 865 ἆτος,
1095 808 1190 856 ὅττι
1219 810 1388 872 νοήσῃς.

318 881 390 928 Ad
420 882 535 939 quod
564 882 762 941 Juppiter
791 896 889 927 eam
921 882 1148 929 edocturus
1178 882 1431 942 respondet:

318 953 417 1001 Noli
448 967 638 1012 sperare,
683 955 827 1000 omnia
856 968 956 1000 mea
986 956 1166 1001 consilia
1195 960 1239 1001 te
1269 968 1368 1000 esse
1399 954 1663 1010 audituram3

199 1024 316 1084 quod
336 1024 508 1082 quidem
538 1031 583 1071 te
612 1026 722 1071 scire
752 1040 937 1083 aequum
968 1031 1045 1084 est,
1078 1028 1196 1086 prius
1225 1040 1308 1072 nec
1336 1026 1553 1071 hominum
1583 1038 1665 1070 nee

200 1096 376 1145 &orum
407 1098 632 1155 quisquam
662 1111 791 1155 quam
827 1103 875 1143 tu
905 1099 1157 1157 comperiet3
1209 1099 1316 1144 illud
1346 1102 1502 1156 autem,
1551 1096 1667 1155 quod

202 1181 395 1217 seorsum
449 1184 479 1214 a
524 1170 606 1220 diis
651 1170 794 1216 animo
842 1171 1069 1230 concipere
1120 1172 1316 1230 voluero,
1379 1171 1463 1216 hoc
1513 1183 1569 1215 ne
1620 1174 1667 1214 tu

199 1241 419 1300 interroga
461 1256 573 1288 neve
625 1248 909 1301 perscrutare.
984 1244 1153 1290 Deinde
1203 1258 1333 1302 quum
1376 1244 1495 1288 nullo
1537 1241 1665 1287 modo

200 1314 314 1362 Jtmo
355 1319 404 1360 ut
433 1315 683 1373 quiesceret,
724 1316 881 1361 adduci
910 1321 1072 1374 posset,
1112 1317 1179 1361 ira
1209 1316 1498 1361 exardescens
1528 1315 1667 1359 minas

203 1387 463 1446 asperrimas
494 1386 654 1446 adjecit
682 1388 880 1447 Juppiter
910 1389 973 1434 sic
1003 1402 1210 1448 pergens:

264 1457 362 1505 ἄλλ’
393 1457 582 1505 ακέουσα
614 1460 802 1521 κάθησο,
834 1460 927 1520 ἐμῷ
956 1460 995 1506 δ’
1024 1462 1255 1506 ἐπιπείθεο
1285 1461 1417 1519 μύθῳ

261 1532 327 1593 μή
354 1532 413 1578 νύ
441 1548 510 1578 τοι
541 1549 594 1578 ου
624 1535 906 1594 χραίσμωσιν,
939 1548 1037 1579 οσοι
1066 1536 1172 1580 θεοί
1198 1532 1277 1580 εἶσ’
1306 1535 1356 1580 ἐν
1386 1532 1598 1592 Ὀλύμπῳ

265 1594 401 1652 ἆσσον
432 1604 550 1652 ἰόνθ’
579 1603 649 1652 ὅτι
677 1610 825 1652 κέντοι
856 1605 1052 1659 α’άπτους
1080 1613 1229 1668 χεῖρας
1258 1608 1406 1666 ἐφείω.

205 1679 293 1726 cfr.
324 1679 376 1726 ΙΙ.
409 1681 451 1734 α,
483 1679 585 1737 520,
619 1679 722 1738 540,
755 1681 856 1726 565.

327 1752 490 1806 Quibus
520 1753 662 1798 verbis
693 1754 826 1799 anxia
855 1754 975 1799 facta
998 1754 1174 1800 tandem
1194 1755 1412 1801 obmutuit.
1459 1756 1544 1801 Ubi
1564 1768 1667 1801 vero

206 1825 319 1871 Juno
336 1824 457 1870 haud
476 1825 693 1883 ignorans,
727 1840 774 1871 se
795 1828 904 1873 Jove
925 1826 1168 1872 inferiorem
1189 1841 1299 1885 esse,
1332 1828 1378 1873 id
1398 1827 1513 1886 quod
1534 1828 1669 1873 voluit

206 1899 251 1945 vi
281 1898 456 1956 assequi
490 1911 577 1943 non
614 1903 796 1957 poterat,
842 1913 962 1945 more
992 1899 1246 1946 feminarum
1275 1901 1446 1946 blandis
1472 1901 1671 1946 utebatur

206 1972 362 2030 verbis,
408 1971 561 2029 quibus
597 1973 740 2017 mariti
775 1973 959 2031 gratiam
995 1986 1049 2017 ac
1079 1973 1424 2019 benevolentiam
1460 1974 1539 2019 sibi
1571 1988 1670 2019 con-

208 2045 385 2103 ciliaret,
423 2049 499 2091 aut
529 2044 589 2089 ad
618 2044 742 2090 dolos
773 2050 817 2090 et
852 2045 1052 2091 fallacias
1084 2046 1369 2105 confugiebat,
1410 2047 1524 2092 unde
1553 2047 1672 2092 haud

206 2132 306 2166 raro
337 2119 692 2179 δολοφρονέουσα
721 2122 912 2165 vocatur.
975 2118 1063 2165 Cfr.
1095 2120 1145 2165 11.
1179 2122 1215 2175 ξ,
1250 2120 1350 2165 197.
1383 2137 1421 2175 τ,
1454 2121 1526 2179 96,
1565 2120 1670 2166 487.

207 2193 305 2239 Non
340 2192 497 2252 injuria
531 2192 661 2250 igitur
688 2192 887 2251 «Iuppiter
916 2193 1117 2251 queritur,
1154 2194 1275 2238 illam
1304 2198 1351 2239 ut
1381 2207 1462 2239 sua
1493 2193 1673 2238 consilia

206 2265 326 2311 irrita
374 2265 539 2311 faceret
589 2263 861 2310 contendere.
935 2264 1046 2310 Jove
1097 2265 1210 2310 enim
1261 2265 1444 2324 decepto
1491 2265 1672 2311 Graecis

208 2337 426 2395 succurrit,
458 2337 615 2382 Achilli
645 2341 693 2381 ut
723 2336 943 2381 certamini
962 2337 1188 2382 interesset
1207 2338 1434 2395 persuasit,
1466 2341 1596 2393 atque
1626 2341 1674 2380 ut

148 2410 153 2414 ’
208 2408 387 2467 'Pi-ojzzni
400 2408 554 2454 foedus
577 2421 674 2453 cum
687 2407 866 2453 Graecis
882 2408 1030 2452 initum
1044 2408 1268 2466 violarent,
1302 2422 1437 2467 opera
1451 2409 1672 2453 Minervae

208 2479 401 2539 perfecit
463 2479 572 2539 (Ofr.
595 2480 646 2525 Il.
668 2482 716 2534 θ,
748 2480 834 2524 381
859 2492 952 2537 sqq.
975 2492 1014 2533 σ,
1046 2479 1149 2537 358,
1181 2481 1221 2535 δ,
1256 2479 1348 2539 71.)
1396 2479 1522 2533 Quod
1541 2492 1671 2535 quum

208 2551 408 2610 Juppiter
429 2551 813 2609 animadvertisset,
846 2551 911 2596 ira
931 2552 1143 2598 excitatus
1164 2551 1450 2598 acerbissimis
1470 2551 1596 2596 minis
1626 2551 1671 2595 in

210 2636 308 2670 eam
337 2624 532 2671 invectus
563 2628 648 2670 est:

353 2696 522 2753 γυιώσω
551 2699 634 2753 μέν
666 2702 807 2754 σφωϊν
839 2695 916 2754 ὑφ’
947 2693 1138 2757 ἅρμασιν
1170 2695 1304 2749 ὠκέας
1337 2699 1496 2747 ἵππους

354 2767 487 2821 αὐτοῖς
516 2767 556 2813 δ’
584 2768 632 2815 ἐκ
663 2770 826 2830 δίφρου
855 2770 1012 2830 βαλέω,
1043 2769 1158 2816 κατά
1180 2766 1233 2815 ’θ’
1263 2765 1440 2830 ἅρματα
1470 2766 1572 2822 ἄξω.
