1804 3088
875 160 903 204 8

151 307 208 338 ne
238 294 395 350 longus
426 295 507 339 sim
537 295 582 339 in
613 296 740 340 rebus
773 295 948 353 apertis,
980 295 1064 340 hoc
1101 308 1232 341 unum
1262 299 1428 341 tantum
1458 310 1626 355 moneo,

152 367 196 411 in
240 366 420 412 Scheria
467 368 611 413 insula
647 368 895 413 Phaeacum
938 372 1111 427 praeter
1154 369 1393 427 Alcinoum,
1440 370 1627 415 omnium

153 439 406 497 principem,
454 439 681 485 duodecim
727 440 860 485 fuisse
897 454 1036 499 reges,
1085 442 1158 498 qui
1203 442 1258 486 ab
1304 441 1379 487 illo
1419 442 1628 487 mandata

153 511 352 569 accipere
398 511 608 557 dicuntur.
688 512 834 558 Confr.
883 512 1017 571 Odys.
1070 516 1118 568 θ,
1166 513 1269 559 390.
1346 516 1540 571 Itemque
1584 514 1629 559 in

155 583 421 629 Graecorum
464 585 674 643 exercitu,
720 585 787 630 cui
831 585 1129 643 Agamemnon
1173 585 1380 644 praefuit,
1433 591 1630 632 senatum

154 656 371 712 quendam
409 656 543 701 fuisse
581 662 763 702 constat.
833 658 922 702 Sed
952 658 1148 715 quamvis
1177 672 1340 715 magna
1370 663 1487 703 esset
1515 658 1630 715 regis

155 732 370 786 potestas,
424 742 507 774 nec
552 729 643 774 ulla
688 730 902 788 potentia,
954 744 1010 776 ne
1056 744 1138 776 sua
1182 743 1260 776 rex
1304 735 1632 789 persequeretur

156 802 349 857 consilia,
398 802 614 858 prohiberi
644 807 805 860 posset,
852 808 998 847 tamen
1035 817 1122 847 non
1160 803 1270 847 adeo
1307 802 1387 847 fuit
1417 803 1629 860 absoluta,

157 877 203 917 ut
254 874 386 931 plane
439 873 554 919 illius
606 879 782 920 senatus
835 876 1133 921 auctoritatem
1193 875 1417 934 aspernari
1467 879 1629 933 posset.

155 946 326 990 Etenim
369 960 447 991 rex
486 960 642 991 cavere
673 947 871 1004 debebat,
919 962 975 992 ne
1012 948 1057 992 in
1089 948 1262 993 civitate
1292 946 1632 992 administranda

157 1032 372 1064 consensu
419 1019 633 1064 communi
679 1025 865 1077 careret,
920 1034 1052 1066 neve·
1077 1021 1199 1078 leges
1245 1020 1453 1077 morales,
1508 1019 1633 1076 quasi

157 1091 398 1136 hominibus
428 1092 615 1149 innatas,
655 1092 838 1136 violaret
874 1106 927 1137 ac
959 1092 1213 1150 despiceret.
1277 1091 1416 1145 Quam
1456 1092 1509 1136 ob
1540 1105 1632 1136 rem

158 1177 464 1220 nonnunquam
502 1177 589 1208 non
627 1164 766 1209 solum
803 1168 979 1209 senatus
1017 1164 1094 1209 sed
1132 1164 1357 1209 universus
1387 1164 1574 1222 populus
1605 1178 1633 1207 a

159 1249 263 1292 rege
303 1236 347 1280 in
386 1235 628 1281 contionem
664 1236 921 1293 vocabatur,
970 1249 1056 1280 non
1093 1240 1257 1293 tamen,
1307 1240 1355 1281 ut
1388 1236 1482 1293 ille,
1529 1235 1633 1292 quid

159 1307 313 1365 cuique
352 1307 409 1353 de
447 1321 493 1353 re
531 1308 754 1367 proposita
791 1307 1034 1366 videretur,
1078 1307 1265 1366 quidque
1310 1308 1476 1354 consilii
1514 1307 1631 1367 capi-

159 1380 318 1425 endum
372 1385 506 1437 esset,
577 1381 764 1437 audiret,
834 1381 913 1425 sed
970 1386 1018 1425 ut
1076 1394 1225 1425 omnes
1285 1381 1400 1438 regis
1458 1381 1634 1426 decreta

158 1452 452 1510 mandataque
483 1452 730 1511 acciperent
761 1457 804 1498 et
834 1452 1175 1511 comprabarent.
1238 1452 1446 1498 Contione
1478 1451 1655 1498 deinde*

160 1526 358 1582 dimissa,
398 1530 474 1569 aut
502 1526 678 1570 silentes
708 1526 829 1570 nulla
859 1539 982 1570 mora
1012 1525 1259 1582 discedunt,
1309 1526 1403 1582 aut,
1442 1525 1487 1569 id
1518 1524 1634 1581 quod

159 1612 247 1645 non
293 1611 391 1642 raro
438 1597 498 1655 fit,
546 1598 662 1655 regis
707 1597 891 1643 decretis
929 1601 1203 1643 assentantur
1239 1597 1633 1643 acclamationibus.

161 1670 307 1724 Quare
352 1684 439 1715 non
484 1670 642 1728 injuria
688 1684 765 1715 rex
802 1666 873 1728 ἶφι
911 1667 1121 1715 ἀνάσσειν
1157 1670 1356 1728 idemque
1394 1669 1538 1730 πατὴρ
1579 1665 1636 1720 ὥς

162 1742 289 1804 ἤπιος
319 1738 435 1788 εἶναι
466 1742 551 1788 dici
581 1743 731 1801 potuit.

285 1817 409 1860 Haec
460 1816 552 1860 fere
601 1820 696 1859 erat
746 1815 966 1860 civitatum
1019 1815 1266 1873 disciplina,
1321 1829 1409 1872 qua
1460 1814 1636 1871 Homeri

166 1888 374 1945 aequales
394 1888 643 1946 utebantur3
677 1887 803 1932 simili
822 1887 950 1932 modo
974 1888 1190 1933 civitatem
1206 1888 1383 1933 deorum
1395 1887 1637 1947 ordinatam

166 1960 526 2016 constitutamque
556 1959 703 2017 fuisse,
750 1974 881 2017 quum
912 1974 968 2005 ex
998 1960 1229 2018 hominum,
1267 1960 1340 2017 qui
1369 1964 1471 2004 tunc
1500 1962 1636 2015 erant,

167 2032 488 2090 consuetudine,
538 2047 619 2078 sua
647 2031 841 2078 instituta
876 2033 921 2077 in
952 2032 1058 2078 deos
1088 2032 1388 2089 transferendi,
1435 2031 1638 2085 conicias,

165 2111 255 2150 tum
292 2119 349 2150 ex
391 2105 463 2162 iis,
511 2118 624 2162 quae
668 2104 723 2149 de
769 2104 947 2150 deorum
991 2105 1119 2149 rebus
1162 2105 1339 2149 Homeri
1383 2103 1638 2149 carminibus

167 2178 454 2234 continentur,
502 2178 745 2234 intellegas.
807 2178 961 2223 Jovem
998 2178 1112 2222 enim
1148 2178 1191 2221 in
1227 2176 1404 2222 deorum
1442 2176 1639 2221 contione

167 2264 379 2296 summum
417 2250 608 2295 obtinere
644 2249 868 2308 imperium
905 2249 987 2295 loci
1020 2248 1177 2295 docent
1206 2249 1424 2308 permulti,
1478 2247 1554 2293 cfr.
1585 2247 1637 2292 Il.

168 2330 215 2380 θ,
253 2325 327 2369 49.
367 2324 513 2384 πατὴρ
552 2321 775 2382 ανδρῶντε
818 2323 1000 2368 θεῶντε.
1070 2322 1152 2368 od.
1192 2324 1243 2376 1.,
1280 2325 1383 2368 303.
1422 2321 1526 2366 ἴστω
1557 2320 1639 2365 νῦν

171 2398 282 2449 Ζεύς
317 2396 484 2457 πρῶτα,
531 2395 654 2441 θεῶν
690 2410 855 2447 υπατος
890 2394 965 2440 καὶ
1003 2393 1187 2456 ἄριστος.
1251 2393 1332 2440 Οᾶ.
1372 2411 1420 2449 ω,
1461 2393 1566 2439 473.
1605 2410 1640 2437 ω

169 2472 309 2529 πάτερ
350 2469 552 2530 ἤμὲτερε,
602 2471 797 2528 Κρονίδη
841 2467 981 2513 ὕπατε
1023 2468 1275 2526 κρειόντων.
1345 2469 1395 2512 ΙΙ.
1440 2470 1488 2523 β,
1533 2466 1638 2510 412.

171 2543 277 2597 Ζεῦ,
310 2542 500 2597 κύδιστε,
531 2546 719 2600 μέγιστε.
783 2539 864 2586 Od.
897 2541 936 2585 ὃ.
970 2539 1073 2586 237.
1109 2538 1219 2591 Ζεὺς
1248 2565 1308 2572 -
1338 2538 1525 2584 δύνασαι
1557 2536 1640 2597 γάρ

170 2614 360 2662 ἅπαντα.
423 2617 473 2660 Il.
506 2619 547 2673 β.
582 2616 684 2660 669.
715 2614 764 2658 ἐκ
788 2613 915 2668 Διός,
948 2611 1050 2659 ὅστε
1070 2617 1218 2658 θεοῖσι
1238 2629 1312 2657 και
1334 2611 1641 2696 ἀνθρώποισιν

171 2687 374 2734 ἄνᾶσσεν.
439 2687 522 2733 Od.
562 2703 597 2746 ε,
645 2687 689 2731 4.
732 2686 845 2738 Ζεὺς
882 2684 1178 2748 ὑψιβρεμέτης
1217 2700 1320 2731 ουτε
1355 2682 1516 2745 κράτος
1550 2681 1642 2730 ἐστὶ

170 2767 375 2822 μέγιστον
411 2762 584 2823 aliaque
614 2761 763 2808 multa
