1804 3088
882 136 917 182 9.

284 270 466 327 Propter
493 268 609 313 hanc
626 268 863 326 potentiam
884 280 1144 325 quamquam
1164 269 1316 314 ceteris
1338 270 1418 315 diis
1437 272 1629 330 superior

165 347 259 388 erat
286 341 486 399 ,Iuppiter
523 340 634 385 adeo
672 345 720 384 ut
753 341 852 397 jure
888 341 1063 397 gloriari
1093 345 1254 398 posset,
1293 355 1341 386 se
1371 356 1501 387 unum
1532 345 1630 401 plus

166 415 313 461 valere
342 425 473 469 quam
504 416 669 457 ceteros
699 411 806 456 deos
833 411 1097 478 conjunctos,
1144 417 1289 457 tamen
1328 427 1447 458 more
1483 428 1632 471 regum

164 485 406 532 mortalium
451 484 496 528 in
540 483 668 529 rebus
711 483 921 541 gravioris
965 484 1167 528 momenti
1205 484 1495 531 deliberandis
1534 500 1631 531 con-

165 559 349 604 tionibus
387 569 500 613 quae
521 556 631 601 Jove
662 555 863 614 praeside
893 556 938 600 in
955 554 1141 614 Olympo
1172 557 1452 615 habebantur,
1485 572 1633 604 omnes

166 630 226 674 dii
267 632 508 684 consentes,
551 628 624 684 qui
663 627 936 684 dicebantur,
983 628 1191 673 interesse
1232 629 1442 673 solebant.
1513 629 1635 674 Sicut

164 705 309 746 autem
322 700 633 757 Agamemnon,
666 699 738 744 ubi
763 699 819 745 de
849 700 976 745 rebus
996 701 1261 757 gravissimis
1289 706 1384 745 erat
1404 702 1632 759 agendum,

164 786 252 818 non
289 772 418 817 modo
458 776 654 817 senatum
684 772 805 816 illum
842 771 1025 832 (βουλὴν
1063 771 1300 832 γερόντων)
1345 772 1467 831 cujus
1506 778 1635 818 antea

164 845 283 890 facta
320 849 387 889 est
415 846 587 902 mentio,
634 844 714 890 sed
745 858 894 889 omnes
926 845 1132 902 Graecos,
1172 846 1423 902 quibuscum
1454 847 1635 890 consilia

165 930 246 962 sua
277 917 622 973 communicaret,
658 916 703 961 in
735 916 975 961 contionem
1005 917 1190 974 vocavit,
1238 917 1301 961 sic
1330 930 1633 974 nonnunquam

164 989 326 1033 factum
358 994 435 1046 est,
475 994 523 1034 ut
550 989 760 1047 Juppiter,
800 987 1005 1044 quidquid
1042 989 1122 1032 fuit
1151 989 1327 1033 deorum
1359 989 1634 1047 dearumque,

165 1065 213 1105 ut
240 1061 416 1119 publica
446 1061 675 1105 haberetur
711 1060 852 1104 contio
884 1057 1044 1119 (α’γοροῖ
1073 1061 1196 1104 θεῶν
1236 1061 1304 1105 cui
1334 1062 1535 1118 opposita
1571 1066 1637 1105 est

165 1132 304 1193 βουλὴ
341 1133 432 1178 sive
468 1132 614 1183 θῶκος
648 1131 788 1190 θεῶν)
828 1132 871 1175 in
902 1145 1004 1176 suas
1038 1132 1172 1177 aedes
1211 1133 1440 1178 convenire
1464 1133 1636 1191 juberet

167 1204 243 1265 cfr.
275 1206 326 1249 Il.
359 1222 400 1259 v,
434 1207 474 1249 7.
523 1204 772 1262 Cujusmodi
795 1204 838 1248 in
862 1204 1127 1249 contionibus
1142 1205 1341 1263 Juppiter
1360 1219 1441 1250 sua
1461 1205 1636 1250 decreta

167 1277 336 1336 aperire
367 1278 490 1336 solet,
522 1278 678 1335 quique
705 1277 881 1322 deorum
903 1277 1016 1322 dicto
1038 1292 1123 1323 non
1145 1279 1376 1336 paruerint,
1408 1283 1456 1323 ut
1475 1283 1635 1336 quanto

166 1350 261 1408 ipse
307 1350 501 1395 omnibus
552 1350 635 1394 diis
685 1349 879 1407 superior
931 1350 986 1394 sit
1039 1355 1321 1408 cognoscant,
1377 1364 1453 1395 eos
1499 1364 1547 1395 se
1592 1351 1636 1395 in

166 1422 393 1467 Tartarum
416 1421 705 1481 projecturum
730 1435 826 1467 esse
842 1421 1045 1476 {minatum
1092 1424 1243 1480 Itaque
1265 1424 1447 1480 legimus
1462 1422 1634 1480 quidem

166 1495 236 1553 (11.
276 1511 318 1549 υ,
353 1487 428 1554 15)
458 1495 715 1552 Neptunum,
754 1499 802 1538 ut
830 1495 951 1539 Jovis
990 1495 1169 1539 consilia
1205 1496 1462 1553 exploraret,
1502 1496 1636 1540 verba

167 1568 336 1625 fecisse,
382 1573 426 1613 et
470 1566 538 1626 (Il.
578 1569 625 1624 θ,
671 1566 750 1625 31)
780 1567 1031 1623 Minervam,
1086 1581 1215 1623 quum
1255 1568 1434 1612 Graecis
1473 1568 1634 1612 auxilio

168 1640 314 1686 venire
363 1641 498 1685 vetita
547 1643 681 1696 esset,
735 1652 763 1682 a
812 1639 923 1683 Jove
978 1639 1173 1697 petiisse,
1227 1644 1274 1684 ut
1318 1640 1416 1685 illos
1457 1640 1634 1685 consilio

168 1712 379 1775 adJuvare
416 1712 497 1758 sibi
532 1712 699 1768 liceret3
746 1712 825 1757 sed
859 1712 941 1757 nisi
985 1712 1095 1756 forte
1135 1713 1429 1757 contumaciae
1467 1713 1636 1758 videtur

167 1798 280 1843 esse,
312 1785 428 1843 quod
441 1784 636 1829 Minerva
666 1783 841 1828 decreta
869 1784 1005 1842 patris
1032 1797 1163 1841 aegre
1183 1784 1327 1832 ferens
1350 1786 1636 1844 compluribus

167 1858 275 1903 locis
320 1857 443 1902 dicit:
508 1854 596 1914 ἔρδ’
604 1871 614 1881 ·
663 1854 773 1915 οἷτοῖρ
819 1855 874 1900 οὔ
917 1872 986 1900 τοι
1029 1856 1192 1908 πάντες
1229 1856 1489 1915 ἐπαινέομεν
1534 1860 1636 1903 θεοὶ

169 1927 310 1988 ἄλλοι,
357 1930 491 1974 ullum
522 1928 651 1974 deum
689 1929 810 1975 Jovis
848 1929 1059 1974 voluntati
1097 1943 1272 1988 prorsus
1302 1943 1351 1975 se
1381 1931 1636 1990 opposuisse

168 2017 380 2065 nusquam
408 2003 639 2047 memoriae
669 2001 872 2046 traditum
903 2007 981 2047 est.
1043 2004 1178 2047 Immo
1215 2016 1318 2048 vero
1348 2003 1431 2048 nisi
1460 2004 1590 2048 venia
1610 2017 1638 2047 a

170 2090 335 2122 summo
366 2076 476 2121 Jove
517 2076 747 2133 impetrata
782 2075 881 2132 ipsa
916 2074 1029 2119 Juno
1071 2075 1115 2118 in
1160 2075 1297 2122 aciem
1336 2075 1508 2134 prodire
1550 2089 1636 2121 non

170 2154 237 2195 est
266 2162 389 2206 ausa,
421 2153 469 2193 ut
497 2148 679 2192 Martem
708 2146 892 2203 fugaret.
954 2147 1150 2204 Namque
1169 2147 1293 2197 ,vires
1313 2147 1435 2192 Jovis
1455 2148 1638 2193 invictas

170 2222 231 2268 dii
267 2234 435 2280 quoque
470 2218 725 2280 praedicant
754 2222 1006 2278 patremque
1043 2232 1097 2265 ac
1126 2232 1273 2278 regem
1303 2223 1516 2266 verentur.
1578 2220 1638 2266 Ut

170 2299 315 2340 autem
350 2307 477 2351 reges
512 2292 757 2337 homericae
802 2292 957 2336 aetatis
999 2291 1212 2336 interdum
1259 2292 1499 2351 principum
1544 2293 1637 2337 sive

170 2366 321 2427 populi
357 2365 510 2412 animis
546 2363 778 2424 temptatis,
828 2362 932 2421 quid
974 2362 1093 2409 factu
1129 2377 1239 2423 opus
1277 2369 1406 2422 esset,
1458 2365 1638 2411 consilia

171 2440 413 2497 capiebant,
436 2438 498 2482 sic
517 2450 596 2482 rex
615 2436 790 2481 deorum
812 2448 1117 2491 nonnunquam
1135 2436 1369 2481 liberaliter
1386 2436 1638 2493 indulgebat

169 2510 369 2570 precibus
389 2510 622 2567 Minervae,
654 2520 767 2566 quae
797 2520 921 2554 suam
949 2507 1085 2567 ipsius
1116 2507 1380 2567 aliorumque
1401 2509 1636 2555 sententias

171 2583 230 2628 ad
282 2597 381 2629 eum
430 2582 675 2638 deferebat3
736 2580 822 2625 hac
871 2593 975 2624 vero
1026 2579 1311 2638 indulgentia,
1372 2593 1459 2637 qua
1511 2585 1637 2639 pater

170 2654 381 2715 benignus
411 2655 472 2702 uti
503 2655 614 2702 solet
644 2666 750 2713 erga
778 2652 948 2712 liberos,
982 2652 1171 2713 speciem
1201 2652 1420 2712 quandam
1448 2654 1635 2701 necessi-

169 2730 272 2774 tatis
317 2730 511 2789 exprimi,
562 2729 608 2775 id
651 2726 768 2786 quod
811 2726 1004 2773 nonnulli
1045 2726 1124 2771 viri
1162 2726 1276 2772 docti
1313 2727 1636 2787 contenderunt,
