1804 3088
883 119 911 186 q

163 271 447 322 humanarum
477 273 742 332 gubernatio,
790 287 845 319 ac
875 277 1133 332 postremum
1173 285 1285 330 quae
1316 251 1371 318 sit
1399 277 1554 318 natura
1585 278 1628 319 ct

164 348 231 393 vis
267 346 348 391 fati
383 347 606 404 homerici,
654 359 822 404 quoque
858 346 1028 392 vinculo
1075 360 1171 391 cum
1214 346 1325 391 Jove
1361 345 1488 389 fuerit
1523 346 1630 390 illud

166 419 454 479 conjunctum.

880 589 926 635 1.

287 698 499 744 Homerus
521 697 627 743 deos
657 699 701 743 iu
722 699 940 744 hominum
961 698 1148 756 effigiem
1170 697 1369 742 formavit
1389 701 1433 741 et
1453 709 1631 752 regnum

162 769 415 828 «Olympium
455 769 513 814 ad
553 770 728 814 humani
766 770 949 829 alicujus
986 771 1107 828 regni
1143 769 1460 815 similitudinem
1496 767 1631 822 finxit,

167 843 229 887 ita
288 846 335 890 ut
385 842 706 900 quibuscunque
759 844 1049 902 voluptatibus
1105 843 1298 888 homines
1350 841 1631 893 delectantur,

167 914 405 972 quibusque
442 914 554 960 curis
593 929 647 960 ac
677 915 1042 973 sollicitudinibus,
1086 915 1303 960 doloribus
1334 928 1388 959 ac
1424 913 1631 971 cupidita-

168 987 280 1035 tibus
310 1000 359 1033 se
388 982 507 1046 ipsos
537 989 796 1034 commoveri
826 993 870 1034 et
901 989 1080 1034 excitari
1111 988 1310 1045 sentiunt,
1343 986 1495 1031 iisdem
1526 985 1632 1030 deos

168 1059 284 1104 affici
315 1073 343 1103 a
374 1059 549 1104 deorum
581 1061 795 1117 gravitate
825 1061 1011 1106 alienum
1031 1050 1129 1106 'non
1152 1074 1249 1106 esse
1269 1063 1452 1118 putaret,
1485 1071 1632 1114 quam-

167 1145 296 1189 quam
329 1131 503 1179 eosdem
534 1132 640 1178 deos
670 1133 813 1178 multis
844 1134 1067 1178 virtutibus
1099 1133 1306 1189 bonisque
1341 1131 1447 1176 facit
1476 1134 1632 1175 morta·

168 1204 278 1251 libus
294 1204 614 1250 antecedentes.
662 1205 854 1263 Corpora
877 1206 989 1250 euim
1014 1220 1173 1262 eorum,
1206 1206 1438 1249 humanum
1460 1203 1633 1247 modum

168 1276 444 1334 excedentia,
492 1277 779 1336 pulcherrima
817 1277 956 1322 forma
999 1278 1198 1337 praedita
1242 1290 1381 1334 neque
1426 1274 1634 1321 senectuti

169 1362 309 1406 neque
344 1349 593 1395 mortalitati
635 1350 831 1408 subjecta
879 1355 996 1408 sunt3
1043 1350 1284 1407 eademque
1324 1349 1514 1393 feruntur
1555 1361 1634 1405 per

168 1426 307 1467 terras
338 1427 383 1466 et
413 1422 550 1466 maria
579 1427 710 1479 atque
740 1436 846 1468 aves
867 1424 1064 1468 volantes
1087 1423 1287 1479 ventique
1308 1421 1484 1466 flamina
1507 1434 1633 1465 cursu

169 1499 370 1551 aequant.
452 1494 576 1539 Adeo
633 1489 848 1553 simplices
899 1509 1029 1552 quum
1081 1499 1225 1540 essent
1271 1495 1506 1549 hominum,
1560 1493 1633 1549 qui

169 1566 345 1611 Homeri
374 1567 634 1624 temporibus
671 1571 806 1624 erant,
844 1567 1066 1625 opiniones
1097 1566 1152 1611 de
1184 1566 1278 1623 diis,
1315 1566 1466 1610 mirum
1497 1564 1634 1609 videri

169 1651 256 1683 non
282 1629 453 1696 potest,
501 1638 616 1696 quod
646 1639 821 1685 easdem
867 1640 991 1697 leges
1037 1643 1166 1696 atque
1217 1639 1428 1694 instituta,
1481 1637 1634 1694 quibus

169 1711 253 1769 ipsi
309 1710 535 1755 utebantur
598 1711 657 1756 ad
717 1711 821 1757 deos
881 1711 1113 1758 transferre
1171 1725 1258 1757 non
1319 1710 1632 1755 dubitaverunt.

170 1783 426 1827 Homerica.
456 1788 600 1829 autem
657 1788 801 1829 aetate
855 1777 990 1843 penes
1049 1797 1179 1829 unum
1238 1783 1372 1828 fuisse
1425 1795 1635 1827 summum

169 1854 391 1913 imperium
423 1869 449 1899 e
478 1860 635 1913 poetae
665 1857 920 1902 carminibus
949 1856 1238 1912 intelligimus,
1271 1869 1400 1911 quam
1431 1855 1636 1911 optimam

171 1926 355 1971 civitatis
408 1926 772 1973 administrandae
824 1928 1005 1973 formam
1046 1926 1303 1986 judicabant
1354 1931 1464 1971 teste
1502 1926 1636 1971 Ulixe

171 2000 221 2043 Il.
250 2002 292 2056 β,
325 2000 427 2044 204.

317 2069 397 2115 οὐκ
429 2068 601 2127 α’γαθὸν
632 2073 963 2141 πολυκοιρανίη,
996 2066 1057 2124 εἷς
1086 2074 1287 2131 κοίρανος
1317 2072 1440 2128 ἔστω,

315 2136 376 2195 εἷς
405 2144 617 2202 βασιλεύς,
652 2162 687 2202 ῳ
719 2142 853 2189 ἔδωκε
883 2146 1060 2204 Κρόνου
1089 2150 1191 2195 παῖς
1223 2143 1331 2200 a’yxv
1333 2144 1543 2204 λομήτεω.

291 2217 414 2261 Unus
444 2216 572 2273 igitur
601 2230 811 2262 summum
843 2217 1062 2262 obtinebat
1090 2217 1334 2275 imperium,
1384 2216 1452 2262 cui
1490 2229 1546 2260 ne
1582 2229 1636 2260 ex

172 2303 250 2334 suo
303 2294 467 2334 tantum
521 2289 695 2335 arbitrio
739 2304 921 2347 regnare
973 2290 1208 2347 videretur,
1256 2304 1368 2335 neve
1414 2288 1637 2347 imperium

171 2362 361 2432 iniquum
404 2366 448 2406 et
483 2361 687 2420 injustum
724 2362 858 2408 videri
898 2367 1067 2420 posset,
1116 2361 1219 2407 addi
1256 2363 1424 2407 solebat
1461 2365 1636 2406 senatus

155 2433 264 2477 »sive
294 2433 435 2493 βουλή
464 2433 694 2492 γερόντων,
727 2434 849 2492 cujus
879 2439 1023 2479 tamen
1053 2438 1248 2492 potestas
1278 2434 1340 2479 ita
1359 2434 1439 2478 fuit
1461 2430 1637 2479 circum-

160 2505 334 2564 scripta
372 2518 426 2550 ae
464 2504 660 2562 definita,
706 2510 753 2550 ut
789 2519 871 2551 nec
915 2506 1029 2564 regis
1067 2506 1277 2552 voluntati
1323 2519 1371 2551 se
1418 2518 1636 2574 opponere

161 2590 254 2621 «nec
302 2574 377 2623 illo
423 2577 555 2638 invito
608 2577 840 2633 quidquam
894 2578 1103 2635 perficere
1159 2591 1243 2622 nec
1302 2576 1486 2632 denique
1538 2589 1637 2620 eum

154 2642 359 2705 'unquam
390 2648 449 2694 ad
479 2648 687 2694 rationem
718 2662 858 2698 terum
888 2654 1107 2706 gestarum
1137 2647 1403 2693 reddendam
1432 2645 1639 2692 revocare

172 2725 331 2777 posset.
395 2720 529 2779 Cujus
566 2721 627 2765 rei
666 2734 796 2778 quum
832 2723 967 2767 multa
998 2721 1142 2766 afferri
1172 2721 1338 2779 possint
1367 2724 1636 2780 argumenta,
