1804 3088
891 196 951 242 32

305 330 363 374 Et
393 329 585 394 Hecuba,
620 343 755 386 quum*
780 329 972 375 Achilles
1000 330 1198 375 Hectoris
1228 330 1440 376 interfecti
1471 331 1660 380 cadaver

184 401 406 459 indignum
429 402 473 445 in
494 402 669 446 modum
689 403 850 447 honore
872 402 1120 460 sepulturae
1148 402 1362 460 privatum
1391 403 1663 464 projecisset,-

185 472 260 518 filii
292 474 506 518 interitum
538 474 694 532 lugens
1232 532 1234 537 A

335 546 398 604 τῷ
427 544 466 591 δ’
496 544 564 601 ὥς,
597 548 745 606 inquit,
777 550 891 592 ποθι
921 552 1056 607 μοῖρα
1086 550 1281 608 κρατείη,

334 623 573 679 γιγνομένῳ
606 621 792 681 ἐπένησε
823 621 945 678 λίνῳ,
979 618 1053 665 ὅτε
1082 636 1160 677 μιν
1191 624 1318 665 τέκον
1351 619 1475 681 αὐτή.

309 694 355 739 Si
376 693 506 751 igitur
533 699 696 753 μοῖραν
728 698 772 740 et
799 689 927 739 αἶσαν
953 707 1111 739 numen
1134 693 1361 752 significat,
1394 693 1507 752 quod
1537 708 1658 740 suam

188 766 341 821 cuique
362 771 520 810 sortem
541 767 770 824 impertiat,
792 768 885 825 jam
903 766 1133 823 quaeritur,
1166 767 1295 823 quale
1309 766 1394 811 hoc
1408 766 1486 810 fati
1503 780 1660 812 numen

187 851 300 882 esse·
332 838 545 883 Homerus
593 838 800 895 statuerit,
856 851 1054 895 quaeque
1105 838 1214 882 ratio
1265 838 1376 882 inter
1428 838 1563 882 fatum
1618 844 1661 884 et

185 910 340 954 Jovem
372 910 567 966 aliosque
588 910 695 955 deos
725 910 976 955 intercedat.
1023 910 1122 955 Jam
1154 923 1287 968 supra
1314 910 1658 968 memoravimus,

186 981 320 1026 fuisse
353 982 425 1038 qui
457 986 672 1039 putarent,
705 982 840 1027 fatum
872 982 979 1026 illud
1006 982 1266 1026 homericum
1298 995 1395 1026 esse
1425 982 1660 1039 potentiam

188 1053 408 1110 quandam
428 1067 568 1111 neque
589 1055 678 1099 ullo
701 1055 873 1099 vinculo
897 1068 993 1099 cum
1021 1054 1101 1099 diis
1123 1054 1397 1113 conjunctam
1428 1058 1471 1098 et
1501 1058 1661 1099 temere

188 1125 493 1183 dominantem,
548 1140 661 1183 quae
715 1140 800 1171 non
854 1126 993 1171 minus
1040 1126 1216 1171 deorum
1268 1139 1399 1184 quam
1445 1126 1661 1171 hominum

187 1198 321 1243 libere
383 1198 540 1256 agendi
599 1198 850 1244 facultatem
902 1199 1049 1256 aliqua
1105 1212 1161 1244 ex
1213 1204 1338 1257 parte
1392 1199 1660 1244 dissolveret.

187 1271 272 1316 Ubi
302 1285 406 1316 vero
438 1285 494 1315 ex
530 1272 636 1330 ipsis
668 1276 825 1329 poetae
864 1272 1120 1317 carminibus
1158 1272 1361 1330 petiveris
1393 1275 1660 1329 argumenta,

188 1344 341 1400 quibus
373 1344 587 1388 sententia
622 1344 700 1388 illa
731 1344 1016 1401 confirmetur,
1054 1345 1127 1389 vix
1159 1345 1249 1388 ulla
1278 1345 1484 1389 invenies.
1547 1343 1663 1388 Nihil

189 1415 301 1460 enim
323 1420 576 1473 argumento
598 1420 676 1473 est,
714 1416 829 1474 quod
850 1416 985 1461 fatum
1005 1417 1255 1462 mortalibus
1276 1421 1434 1462 sortem
1458 1416 1662 1477 ἐπινῆσαι

189 1488 354 1544 dicitur,
402 1489 504 1544 quia
546 1493 591 1532 et
626 1489 825 1548 Juppitcr
862 1493 906 1533 et
945 1489 1075 1533 ceteri
1112 1488 1170 1532 dii
1216 1502 1285 1532 res
1330 1490 1402 1533 vel
1448 1489 1662 1548 secundas

188 1560 260 1604 vel
294 1559 503 1605 adversas
535 1560 867 1605 ἐπικλώσασθαι
902 1560 1179 1618 perhibentur
1207 1574 1289 1605 nec
1330 1561 1549 1618 peculiare
1579 1561 1662 1605 hoc

188 1636 255 1676 est
284 1633 459 1690 μοίραις
488 1632 594 1678 istis.
654 1634 876 1690 Leguntur
907 1633 1018 1677 enim
1052 1632 1181 1678 haec·
1230 1631 1331 1692 (Od.
1366 1647 1408 1687 α,
1444 1632 1534 1692 17.)

335 1702 432 1751 αλλ’
461 1704 516 1750 οὔ
544 1722 622 1762 μοι
653 1706 852 1751 τοιοῦτον
885 1705 1137 1751 ἐπέκλωσαν
1167 1705 1272 1751 θεοὶ
1303 1704 1449 1763 ὄλβον.

190 1777 271 1822 Od.
305 1780 345 1832 δ,
379 1779 481 1823 208.

398 1884 591 1894 .....
625 1839 708 1909 ᾧτε
740 1853 941 1910 Κρονίων

396 1921 529 1981 ὄλβον
561 1923 779 1984 ἐπικλώσῃ
812 1924 1021 1980 γαμέοντί
1048 1938 1095 1967 τε
1127 1925 1363 1980 γεινομένῳ
1395 1938 1454 1966 τε.

190 1993 271 2040 Οᾱ.
306 1997 353 2051 θ,
387 1995 491 2040 579.

281 2066 361 2110 τόν
392 2066 442 2111 δὲ
472 2066 573 2111 θεοὶ
604 2068 686 2124 μὲν
719 2069 889 2124 τεῦξαν,
923 2067 1229 2114 ἐπεκλώσαντο
1260 2065 1299 2112 δ’
1330 2065 1520 2126 ὄλεθρον
1606 2082 1608 2084 ’

283 2138 544 2198 ἀνθρώποις
576 2174 767 2184 .....

191 2212 279 2258 Gfr.
314 2212 396 2259 Od.
430 2229 471 2268 v,
507 2214 607 2258 196.
639 2214 691 2258 Il.
725 2232 773 2268 ω,
806 2214 908 2259 525.

310 2286 408 2331 Huc
444 2300 574 2343 quum
613 2286 807 2344 accedat,
847 2286 962 2343 quod
999 2287 1150 2344 paucis
1181 2290 1345 2330 tantum
1383 2285 1490 2330 locis
1526 2283 1662 2328 fatum

189 2358 343 2404 eadem
380 2358 537 2404 fecisse
575 2359 835 2418 perhibetur,
881 2373 994 2417 quae
1038 2360 1149 2405 alias
1187 2372 1215 2403 a
1261 2358 1439 2403 deorum
1485 2356 1662 2414 consilio

189 2431 428 2489 repetenda
459 2445 557 2477 esse
589 2432 787 2488 vidimus,
819 2432 965 2477 facere
996 2444 1081 2476 non
1113 2445 1303 2490 possum,
1336 2430 1437 2487 quin
1473 2428 1660 2484 credam,

189 2507 346 2561 poetae
394 2504 537 2549 animo
577 2505 850 2549 obversatam
888 2517 986 2549 esse
1021 2504 1255 2548 humanam
1298 2502 1494 2547 formam.
1558 2500 1663 2553 Quis

190 2575 303 2623 enim
344 2589 534 2633 unquam
573 2576 795 2633 dubitavit,
845 2576 945 2633 quin
983 2577 1195 2620 Homerus
1232 2574 1275 2620 id
1314 2574 1430 2632 quod
1468 2572 1663 2618 omnibus

189 2648 377 2694 omnium
414 2653 654 2708 temporum
690 2649 831 2708 poetis
867 2650 981 2706 licet,
1027 2649 1154 2694 rebus
1194 2648 1439 2693 inanimatis
1476 2650 1520 2691 ct
1554 2644 1663 2690 ideis

189 2722 378 2766 animam
399 2722 584 2767 induerit
604 2727 870 2780 agentesque
899 2735 975 2767 eas
995 2720 1305 2767 introduxerit?
1352 2719 1517 2765 Eadem
1550 2716 1662 2763 enim

189 2795 354 2841 ratione
392 2796 436 2843 in
473 2809 684 2857 personas
722 2796 905 2841 mutavit
941 2796 1073 2850 λίτας,
1115 2793 1237 2855 ἄτην,
1276 2794 1414 2852 κῆρας
1451 2791 1546 2850 (cfr.
1580 2788 1660 2834 Od.
