1804 3088
868 163 925 212 28

156 298 299 356 decipi
340 299 531 355 poterat3
595 309 646 341 eo
693 295 805 341 enim
847 296 1013 354 ignaro,
1033 317 1035 319 ·
1058 301 1106 342 ut
1148 298 1393 356 exemplum
1437 297 1631 357 afferam,

154 370 238 415 Iris
262 383 308 413 ‘a
344 369 516 415 Junone
562 367 621 412 ad
657 368 869 414 Achillem
916 369 1065 413 nuntia
1107 370 1283 421 mittitur
1318 369 1386 429 (Il.
1435 383 1473 428 σ,
1527 370 1632 427 166)

156 455 419 500 quamquam
450 441 546 486 aliis
577 441 684 486 locis
716 440 772 486 de
804 455 856 487 eo
887 441 1181 500 praedicatur:

1039 514 1198 573 τόνπερ
1231 514 1413 575 ἄριστον

498 585 674 646 ἀνδρῶν
706 584 784 647 ἠδὲ
814 586 934 631 θεῶν
966 584 1070 643 pao?
1101 588 1286 644 ἔμμεναι

156 665 199 704 et
232 657 279 710 ὃς
309 657 440 703 πάντ’
471 659 615 718 ἐφορᾶ
645 659 719 703 καὶ
749 658 879 704 πάντ’
909 658 1134 704 ὑπακούει.

278 731 484 778 Adducor
515 736 660 776 autem
688 736 736 777 ut
773 732 960 789 credam,
993 733 1108 777 hanc
1128 732 1423 790 imperfectam
1455 733 1631 778 deorum

156 809 356 849 naturam
393 804 603 861 homineS,
653 804 814 863 quippe
853 805 925 862 qui
963 804 1021 849 ad
1058 805 1274 849 hominum
1315 804 1631 850 similitudinem

156 878 262 922 deos
294 891 393 922 esse
424 877 649 933 voluerint,
683 891 769 920 non
803 877 1158 922 animadvertisse
1189 891 1329 933 neque
1360 878 1423 922 iis'
1443 877 1632 923 defuisse

156 963 314 994 numen
347 949 543 994 omnibus
565 948 751 993 numeris
776 949 1033 1006 absolutum,
1067 949 1180 1006 quia,
1213 953 1260 993 ut
1281 962 1413 1007 supra
1433 949 1629 1006 vidimus,

154 1036 241 1065 non
279 1022 417 1066 solum
462 1021 516 1064 ab
555 1020 797 1064 hominibus
836 1020 916 1065 sed
955 1021 1084 1064 etiam
1123 1034 1151 1064 a
1182 1020 1262 1065 diis
1293 1021 1392 1065 Jovi
1428 1022 1473 1065 in
1504 1022 1631 1065 rebus

154 1093 352 1137 humanis
390 1091 591 1149 gerendis
624 1091 793 1135 disertis
831 1092 973 1136 verbis
1011 1105 1179 1136 summa
1214 1091 1408 1136 tribuitur
1438 1096 1632 1149 potestas

156 1179 209 1210 ac
252 1163 546 1223 providentia3
623 1163 702 1208 fati
746 1168 904 1221 autem,
948 1169 996 1209 ut
1031 1164 1132 1209 inde
1176 1164 1399 1222 imperium
1445 1163 1539 1222 ejus
1587 1165 1631 1208 in

154 1238 308 1282 Jovem
340 1237 482 1295 ipsum
514 1239 800 1293 cognoscatur
826 1236 898 1280 vel
922 1235 1023 1294 Jure
1054 1236 1208 1294 conjici
1238 1237 1388 1295 possit,
1421 1249 1632 1293 nusquam

154 1323 254 1354 mea
299 1309 473 1365 quidem
510 1309 725 1354 sententia
768 1308 927 1353 mentio
971 1308 1031 1352 fit.
1095 1309 1248 1353 Mirum
1285 1322 1389 1354 vero
1422 1313 1549 1365 esset,
1596 1308 1632 1352 si

155 1383 382 1438 Homerus,
422 1380 544 1438 cujus
582 1380 774 1423 maxima
810 1380 943 1425 virtus
981 1381 1024 1425 in
1061 1393 1113 1425 eo
1151 1381 1294 1438 posita
1323 1385 1402 1437 est,
1441 1379 1557 1437 quod
1586 1380 1632 1423 in

157 1453 333 1498 deorum
371 1453 499 1497 rebus
537 1453 800 1508 heroumque
836 1452 1019 1509 ingeniis
1063 1452 1347 1510 depingendis
1393 1451 1632 1496 admirabili

156 1526 432 1583 simplicitate
488 1528 617 1581 atque
672 1523 979 1582 perspicuitate
1031 1537 1136 1569 usus
1163 1527 1267 1582 ''est,
1315 1537 1370 1570 ea
1415 1536 1528 1582 quae
1574 1522 1633 1568 ad

155 1598 292 1642 fatum
325 1598 552 1655 pertinent,
585 1601 811 1654 tantopere
831 1597 875 1641 in
897 1597 1077 1642 obscuro
1109 1597 1338 1654 posuisset.
1386 1596 1445 1640 At
1465 1609 1632 1643 ,numen

156 1669 374 1727 quoddam
413 1669 562 1725 fatale,
611 1682 695 1726 quo
741 1682 829 1713 non
875 1668 1014 1713 minus
1052 1669 1173 1714 Jovis
1217 1678 1348 1726 quam
1395 1672 1632 1714 ceterorum

156 1743 333 1787 deorum
379 1746 575 1800 potestas
622 1745 739 1786 esset
784 1740 970 1797 inferior,
1009 1746 1183 1799 postero
1229 1741 1401 1786 demum
1438 1746 1632 1799 tempore

156 1815 337 1872 cogitari
368 1818 567 1873 coeptum
600 1818 679 1871 est,
713 1826 841 1871 quum
870 1813 914 1857 in
945 1814 1072 1860 rebus
1103 1813 1258 1860 divinis
1296 1815 1432 1859 multa
1461 1813 1632 1872 quidem

155 1892 322 1932 mutata
358 1887 583 1943 magisque
622 1886 797 1930 exculta
833 1891 944 1943 sunt,
990 1890 1135 1931 tamen
1181 1887 1306 1933 unius
1337 1887 1407 1931 dei
1439 1886 1633 1931 omnibus

155 1959 344 2003 numeris
376 1958 562 2002 absoluti
592 1962 740 2002 tenere
760 1957 955 2003 homines
985 1971 1072 2002 non
1103 1959 1242 2016 potuit
1273 1959 1488 2015 cogitatio.
1543 1956 1633 2002 Sed

156 2045 293 2088 usque
341 2030 400 2074 ad
447 2029 598 2074 Croesi
643 2033 841 2086 tempora
886 2028 1021 2074 fatum
1076 2030 1230 2075 eadem
1281 2032 1447 2076 ratione
1502 2034 1632 2087 atque

156 2103 335 2148 Homeri
381 2106 526 2146 aetate
573 2115 669 2145 cum
712 2101 822 2146 Jove
867 2103 1142 2160 cunjunctam
1186 2102 1319 2148 fuisse
1363 2107 1545 2160 constat,
1592 2106 1635 2147 et

156 2181 247 2221 tum
285 2175 457 2220 demum
489 2172 696 2230 quidquid
727 2178 843 2219 esset
873 2174 1049 2219 deorum
1087 2179 1131 2220 et
1159 2175 1377 2221 hominum
1413 2175 1504 2221 fato
1537 2172 1634 2221 esse

158 2249 397 2308 subjectum
406 2261 487 2292 nec
494 2260 751 2304 quemquam
760 2246 951 2304 effugere
959 2262 1088 2307 posse
1102 2248 1389 2294 imminentem
1402 2248 1634 2307 perniciem

158 2322 302 2381 opinio
331 2320 526 2377 occurrit,
560 2318 683 2378 cujus
705 2319 767 2364 rei
798 2324 948 2366 auctor
979 2325 1045 2367 est
1067 2320 1325 2380 Herodotus,
1357 2321 1429 2379 qui
1459 2319 1636 2368 tradidit

159 2394 250 2454 (lib.
282 2396 332 2451 I.,
366 2392 445 2451 91)
477 2392 677 2450 Pythiam
709 2392 850 2450 ipsam
880 2393 1016 2451 Lydis
1054 2408 1083 2438 a
1120 2394 1281 2440 Croeso
1320 2394 1379 2439 ad
1414 2395 1635 2439 oraculum

160 2465 471 2512 consulendum
514 2464 670 2523 missis,
716 2465 993 2524 respondisse
1034 2466 1164 2512 hacc:
1224 2466 1303 2528 τὴν
1340 2469 1634 2527 πεπρωμένην

158 2543 321 2600 μοίρην
355 2537 554 2583 οἷδυνατά
585 2537 703 2581 ἐστὶν
735 2535 1012 2596 α’ποφυγὲειν
1034 2540 1109 2584 καὶ
1138 2541 1234 2597 θεῷ
1265 2527 1278 2584 .’
1310 2573 1321 2584 .
1358 2573 1367 2583 .
1403 2573 1413 2583 .

282 2613 442 2658 Verum
494 2611 712 2655 enimvero
766 2616 1033 2671 quantopere
1087 2617 1245 2671 poetae
1296 2613 1359 2657 illi
1412 2611 1635 2675 clarissimi

160 2685 354 2742 tragicae
368 2685 534 2741 Musae,
551 2683 795 2741 Aeschylus
834 2684 1101 2742 potissimum
1132 2689 1176 2730 et
1190 2685 1444 2745 Sophocles,
1475 2674 1561 2730 hac
1590 2685 1635 2729 in

161 2772 207 2803 re
239 2758 391 2803 imitati
408 2758 655 2814 Homerum,
688 2760 735 2800 ut
754 2753 900 2802 omnia
920 2757 979 2815 ad
994 2758 1147 2804 Jovem
1179 2762 1397 2804 auctorem
1428 2757 1636 2804 referrent
