1804 3088
879 101 909 166 5

171 261 457 322 σημήναντες,
519 254 733 313 quomodo
789 254 1092 310 intelligendus
1150 256 1225 312 sit,
1278 256 1373 313 Jam
1430 257 1636 313 Terpstra

171 334 298 380 docet
332 333 399 378 his
430 328 591 376 verbis:
639 339 782 385 „quae
819 325 992 383 quidem
1021 326 1229 372 Herodoti
1258 328 1393 372 verba
1421 342 1507 373 non
1538 333 1637 374 sunt

169 406 232 450 ita
261 400 528 461 accipienda,
560 403 608 443 ut
638 412 693 443 ea
723 399 868 443 omnia
881 399 1114 443 Homerum
1147 403 1189 443 et
1208 399 1446 443 Hesiodum
1476 401 1635 458 primos

169 476 385 523 invenisse
415 473 670 529 existemus3
701 470 770 517 his
802 470 915 516 enim
944 475 1200 529 repugnant,
1233 484 1346 528 quae
1376 470 1431 516 de
1448 470 1634 529 Orpheo,

169 549 348 593 Musaeo
379 546 562 602 aliisque
590 543 869 589 veterioribus
900 547 999 587 sunt
1028 542 1220 600 prodita3
1265 543 1394 588 immo
1425 556 1528 587 vero
1559 544 1638 588 fuit

171 618 351 664 Graecis
380 615 649 674 mythologia
684 619 785 659 ante
820 614 996 659 Homeri
1039 619 1082 659 et
1118 614 1297 659 Hesiodi
1332 620 1546 672 tempora:
1594 616 1638 659 hi

170 703 273 736 vero
304 703 330 734 e
360 687 561 747 populari
589 686 831 744 traditione,
869 700 981 743 quae
1011 686 1071 731 ad
1101 686 1206 731 deos
1236 686 1462 745 pertinent,
1495 687 1638 731 omnia

170 762 398 820 diligenter
417 761 557 822 relata
578 759 881 805 confirmarunt
902 764 946 804 et
966 764 1120 805 ornata
1141 765 1365 817 auxerunt,
1388 760 1450 804 ita
1470 764 1517 804 ut
1538 759 1638 805 dein

170 834 261 880 fere
299 833 380 880 soli
415 833 460 878 in
491 832 754 878 Graecorum
791 832 1011 890 theologia
1046 832 1262 891 principes
1297 832 1556 877 haberentur
1595 837 1638 877 et

170 908 295 965 quasi
345 905 589 951 auctores.“
642 930 702 937 -
755 905 968 950 Homerus
1021 905 1149 962 igitur
1203 906 1363 949 cultum
1421 904 1638 961 quendam

170 979 346 1025 deorum
397 992 426 1023 a
468 977 702 1037 majoribus
752 977 955 1022 traditum
996 978 1161 1035 recepit
1209 977 1400 1034 deosque
1443 977 1638 1035 depinxit

168 1051 341 1110 poetica
391 1050 562 1107 quidem
599 1050 785 1107 ratione,
834 1050 913 1095 sed
956 1051 1018 1094 ita
1060 1054 1225 1106 tamen,
1273 1054 1320 1094 ut
1364 1051 1635 1108 popularium

169 1123 392 1182 opiniones
428 1122 535 1167 satis
573 1127 775 1167 accurate
813 1127 1074 1180 sequeretur.
1137 1122 1307 1166 Etenim
1343 1123 1427 1167 hoc
1465 1123 1635 1167 omnino

170 1200 237 1241 est
285 1194 539 1252 tenendum,
602 1194 789 1239 omnium
845 1208 986 1240 rerum
1043 1195 1088 1239 in
1145 1194 1283 1239 Iliade
1339 1200 1384 1239 et
1436 1195 1636 1253 Odyssea

168 1272 438 1312 narratarum
483 1279 694 1311 summam
738 1281 825 1311 non
876 1271 1033 1324 poetae
1069 1267 1262 1323 ingenio,
1307 1266 1387 1311 sed
1424 1267 1635 1311 constanti

168 1339 404 1398 priscorum
462 1339 733 1384 saeculorum
785 1338 931 1383 famae
982 1338 1289 1396 assignandam
1334 1352 1451 1396 esse,
1506 1353 1634 1396 quum

168 1412 325 1456 multos
376 1411 547 1469 mythos
597 1412 769 1468 aliaque
828 1411 956 1470 hujus
1012 1411 1181 1469 generis
1231 1411 1418 1456 breviter
1467 1416 1633 1456 tantum

168 1483 442 1542 perstringat,
488 1488 708 1541 tamquam
753 1484 796 1529 in
841 1485 997 1542 vulgus
1043 1484 1199 1543 nota⁵).
1277 1484 1419 1541 Atque
1461 1485 1523 1529 ita
1568 1489 1635 1530 est

168 1556 360 1601 veritatis
391 1556 626 1614 studiosus,
657 1560 705 1601 ut
734 1570 821 1602 non
851 1557 988 1602 solum
1018 1558 1137 1602 initio
1168 1557 1386 1614 utriusque
1418 1558 1632 1615 carminis,

168 1629 248 1674 sed
278 1629 407 1673 etiam
421 1635 423 1637 ’
436 1629 480 1673 in
510 1630 560 1673 Π.
592 1632 634 1686 β,
665 1629 756 1673 484
786 1642 857 1674 res
886 1630 1096 1686 gravioris
1126 1631 1329 1675 momenti
1358 1635 1633 1674 enarraturus

167 1700 339 1745 invocet
367 1701 528 1758 Musas,
560 1714 672 1758 quae
702 1701 933 1746 memoriae
965 1702 1250 1759 subvenirent,
1283 1702 1349 1746 his
1380 1703 1542 1748 verbis:

277 1771 469 1818 ’Έσπετε
504 1773 586 1818 νῦν
623 1789 714 1831 μοι,
757 1774 955 1828 Μοῦσαι,
987 1772 1212 1830 Ὀλύμπια
1249 1773 1412 1831 δώματ’
1440 1777 1630 1830 ἔχουσαι·

168 1843 291 1901 ὑμεῖς
324 1844 404 1904 γάρ
436 1847 543 1890 θεαί
570 1845 680 1900 ἐστε,
711 1845 805 1906 πάρ
837 1846 936 1891 ἐστέ
961 1862 1022 1901 τε,
1061 1846 1152 1891 ἴστε
1183 1863 1230 1892 τε
1260 1847 1420 1892 πάντα.
1482 1848 1633 1906 Neque

166 1932 270 1963 vero
301 1919 434 1963 ullum
455 1918 815 1977 deprehendimus
834 1920 1062 1977 vestigium
1087 1925 1177 1965 tam
1199 1921 1431 1978 singularis
1453 1922 1632 1978 artificii,

166 2003 251 2047 quo
294 1990 423 2035 totius
462 1990 673 2036 Graeciae
711 1992 895 2050 populos
933 1991 1139 2051 deceptos
1183 1993 1227 2037 in
1272 2006 1374 2038 suas
1410 1993 1633 2052 opiniones

165 2063 423 2121 pertraxerit
452 2067 596 2122 poeta,
629 2063 674 2109 id
704 2064 820 2122 quod
849 2078 904 2109 ne
934 2065 1027 2110 fieri
1057 2066 1228 2123 quidem
1249 2067 1440 2124 potuisse
1462 2081 1632 2125 censeo,

166 2135 247 2180 nisi
284 2135 394 2181 forte
430 2140 577 2195 putas,
625 2140 811 2181 aetatem
856 2138 1043 2182 omnium
1081 2138 1235 2183 artium
1271 2138 1421 2183 rudem
1457 2139 1633 2184 Homeri

166 2209 422 2255 carminibus
469 2224 497 2254 a
532 2209 628 2255 fera
662 2210 753 2255 vita
798 2210 858 2255 ad
895 2212 1054 2256 cultum
1091 2213 1324 2257 humanum
1362 2213 1633 2270 mitioresque

164 2294 306 2326 mores
351 2294 449 2327 esse
495 2281 740 2327 adductam.
809 2282 936 2328 Hanc
981 2287 1124 2329 autem
1171 2284 1427 2329 sententiam
1464 2285 1501 2330 si
1537 2286 1632 2343 quis

165 2348 423 2413 probaverit,
461 2369 722 2413 quamquam
758 2354 929 2400 minime
965 2370 1091 2415 nego,
1132 2357 1327 2404 homines
1363 2358 1479 2404 feros
1517 2360 1632 2405 allici

165 2427 357 2485 potuisse
394 2426 623 2474 dulcedine
660 2428 858 2474 carminis
894 2429 1107 2489 perpoliti,
1147 2444 1276 2488 quum
1312 2431 1430 2490 ipsos
1461 2431 1630 2490 lapides

165 2497 266 2545 olim
316 2505 463 2546 vatum
516 2502 710 2547 cantibus
762 2507 901 2548 motos
953 2516 1052 2548 esse
1104 2504 1305 2549 traditum
1352 2505 1424 2561 sit,
1485 2509 1630 2550 tamen

163 2586 339 2630 prorsus
384 2588 470 2619 non
510 2574 734 2633 intellego,
781 2574 995 2632 quomodo
1041 2581 1165 2622 aetas
1215 2581 1303 2622 tam
1348 2576 1466 2622 rudis
1509 2577 1629 2622 illum

262 2728 290 2776 ⁵)
315 2729 387 2768 Cfr,
412 2730 538 2779 Ulrici,
564 2731 782 2770 Gesehichte
807 2731 873 2769 der
896 2732 983 2770 hell.
1008 2733 1229 2772 Dichtkunst
1251 2734 1292 2782 I.,
1318 2745 1352 2781 p.
1383 2736 1463 2781 179,
1489 2737 1572 2772 222.
