1804 3088
856 208 917 254 39

275 339 366 386 Sed
397 352 612 388 summum
639 340 763 386 Jovis
792 340 836 385 in
873 340 968 385 fata
1001 341 1243 385 mortalium
1273 341 1494 400 imperium
1530 352 1616 387 non

156 419 234 461 est-
264 411 510 471 quidquam,
561 421 646 470 quo
689 413 830 470 magis
867 411 1121 470 deelaretur,
1166 425 1295 470 quam
1337 412 1453 469 quod
1492 414 1617 459 morti

156 485 343 533 omnium
373 484 587 529 communi
604 484 816 533 interdum
844 484 1055 542 praedam
1075 484 1212 543 eripit,
1243 488 1291 529 ut
1305 483 1616 543 Ganymedem,

155 556 547 615 Rhadamanthum,
578 557 821 603 Menelaum
842 556 1049 615 aliosque,
1080 556 1153 614 qui
1180 556 1330 602 favore
1351 557 1448 615 ejus
1478 561 1553 601 aut
1574 557 1617 601 in

155 629 305 688 Elysio
347 629 481 674 vitam
530 629 704 675 beatam
749 629 923 688 degunt,
968 633 1043 674 aut
1086 628 1264 674 deorum
1305 628 1498 674 societati
1542 628 1617 673 ad·
1703 678 1706 680 ,

156 702 375 748 mittuntur
383 700 448 761 ¹⁷).

274 774 403 819 Hane
448 777 592 819 autem
636 777 896 832 potestatem
941 774 1094 819 ceteris
1139 772 1221 818 diis
1272 776 1476 831 negatam
1523 785 1620 818 esse

156 846 259 893 dieit
286 846 482 893 Minerva
510 845 593 892 Od.
626 861 665 903 y,
695 845 805 892 236:

277 917 374 964 ἀλλ’
403 907 431 979 ἦ
461 934 530 963 τοι
559 918 759 965 θάνατον
787 919 871 975 μὲν
900 916 1076 975 ὁμοίιον
1107 916 1213 964 οὐδὲ
1242 920 1348 964 θεοί
1374 933 1457 977 περ

215 991 290 1037 καὶ
321 991 436 1050 φίλῳ
468 989 600 1051 α’νδρὶ
630 990 842 1036 δύνανται
873 989 1131 1048 ἀλαλκέμεν,
1164 989 1335 1037 ὁππότε
1363 1007 1439 1036 κεν
1471 991 1528 1050 δή

215 1062 335 1123 μοῖρ’
363 1061 472 1124 ὄλοή
500 1065 714 1124 καθέλῃσι
743 1064 1000 1123 τανηλεγέος
1029 1063 1260 1109 θανάτοιο.
1277 1062 1342 1123 ¹⁸).

157 1136 300 1182 Ceteri
351 1136 464 1182 enim
515 1135 576 1181 dii
627 1136 733 1181 nihil
778 1135 897 1181 aliud
950 1136 1034 1182 nisi
1083 1140 1263 1182 mortem
1317 1135 1490 1181 differre
1547 1139 1622 1179 aut

157 1220 391 1268 properare
425 1212 619 1267 possunt,
667 1209 791 1267 eujus
834 1208 1046 1267 opinionis
1090 1209 1227 1254 multa
1272 1211 1447 1254 exstant
1474 1220 1620 1265 -argu-

157 1286 304 1327 menta
332 1281 409 1327 efr.
443 1280 526 1327 Od.
558 1282 598 1336 δ,
632 1281 732 1327 752.
780 1282 831 1327 11.
863 1282 904 1336 δ,
939 1282 1009 1327 11.

277 1355 592 1412 Nonnunquam
645 1358 788 1399 autem
844 1354 998 1399 eadem
1054 1353 1156 1399 dieit
1198 1354 1393 1400 Minerva
1445 1353 1620 1399 difficile

159 1440 268 1484 esse,
306 1427 533 1473 mortalem
570 1427 625 1472 ab
661 1426 833 1472 interitu
870 1440 1045 1472 servare
1080 1427 1107 1472 i.
1149 1440 1187 1472 e.
1224 1431 1404 1473 mortem
1434 1425 1618 1483 differre,

157 1512 244 1544 non
297 1498 415 1555 quod
465 1499 547 1544 diis
599 1499 770 1544 omnino
820 1512 908 1543 non
959 1503 1075 1544 esset
1119 1499 1184 1544 vis
1231 1498 1497 1557 prohibendi,
1542 1497 1621 1543 sed

159 1571 260 1628 quia
288 1570 382 1616 fieri
411 1575 578 1629 posset,-
610 1575 659 1616 ut
685 1571 807 1617 Jovis
836 1570 1046 1616 voluntati
1075 1570 1159 1617 hoo
1194 1575 1472 1629 repugnaret.
1531 1569 1620 1616 Cfr.

157 1644 208 1688 Il.
256 1659 295 1697 o,
344 1643 446 1688 141.
511 1643 621 1689 Jove
672 1643 785 1688 enim
838 1642 1097 1688 adversante
1151 1646 1317 1688 eeteros
1366 1642 1473 1687 deos
1515 1641 1621 1686 nihil

158 1714 365 1774 perficere
395 1728 525 1774 posse
555 1715 698 1760 multis
728 1715 990 1771 argumentis
1021 1714 1207 1761 ostendit
1236 1714 1388 1760 Nitseh
1416 1716 1448 1759 l.
1480 1728 1518 1759 o.

280 1787 476 1844 Denique
506 1791 653 1845 restat,
691 1787 938 1846 priusquam
975 1786 1076 1833 huie
1111 1786 1458 1833 eommentationi
1492 1786 1622 1832 finem

159 1860 345 1919 impono,
376 1865 425 1906 ut
454 1858 567 1920 ὑπὲρ
594 1855 737 1914 αἶσαν,
771 1857 883 1919 ὖπὲρ
921 1865 1096 1920 μοῖραν,
1128 1858 1238 1920 ὑπὲρ
1268 1860 1410 1919 μόρον
1440 1861 1625 1905 breviter

160 1946 389 1992 exponam.
465 1934 531 1978 Ae
569 1932 663 1992 jam
708 1945 840 1992 supra
883 1932 1055 1991 quidem
1091 1933 1289 1991 vidimus,
1337 1931 1449 1992 ὑπὲρ
1495 1927 1624 1978 αἶσαν

161 2006 205 2051 id
242 2006 498 2064 significare,
541 2005 656 2063 quod
697 2019 785 2050 non
821 2005 960 2063 deeet,
1005 2019 1093 2051 non
1139 2018 1325 2062 aequum
1371 2010 1457 2063 est3
1512 2003 1623 2064 ὑπὲρ

160 2083 320 2137 μοῖραν
373 2082 517 2123 autem
571 2077 664 2123 sive
709 2075 820 2137 ὑπὲρ
865 2077 1005 2137 μόρον
1057 2091 1112 2124 ea
1156 2077 1276 2135 fiunt,
1335 2091 1448 2135 quae
1501 2078 1626 2123 aliter

161 2150 362 2195 eveniunt
391 2154 522 2207 atque
552 2149 642 2194 fato
674 2151 904 2195 constituta
942 2154 1053 2207 sunt,
1097 2150 1159 2195 ita
1197 2154 1245 2194 ut
1281 2163 1446 2195 summo
1484 2163 1624 2194 rerum

160 2221 442 2267 humanarum
478 2220 737 2267 moderatori
772 2226 1025 2280 repugnent.
1088 2221 1351 2281 Saepissime
1382 2221 1495 2267 enim
1525 2235 1624 2281 pro-

161 2295 323 2341 miscue
373 2296 574 2354 leguntur
629 2292 742 2353 ὑπὲρ
793 2289 935 2350 αἶσαν,
994 2293 1105 2354 ὑπὲρ
1161 2294 1267 2346 Διός
1316 2289 1459 2350 αἶσαν,
1514 2293 1624 2354 ὑπὲρ

261 2449 303 2499 ¹⁷)
328 2450 401 2489 σὺ.
427 2451 469 2489 11.
508 2456 544 2495 ε,
583 2453 665 2490 265.
705 2455 746 2495 v,
778 2453 863 2489 232.
912 2450 980 2490 011.
1012 2442 1052 2495 δ,
1086 2453 1154 2490 561
1189 2456 1225 2495 ε,
1265 2454 1349 2490 334.
1381 2441 1422 2495 λ,
1461 2452 1543 2489 602.
1584 2457 1622 2495 ο,

159 2508 244 2548 250.
300 2512 431 2550 Nitsoh
460 2513 502 2560 1.,
541 2524 577 2560 p.
619 2513 700 2549 180.
756 2511 870 2558 (Idem
904 2512 943 2548 in
980 2512 1115 2550 fabulis
1152 2511 1251 2559 apud
1286 2516 1464 2559 posteros,
1502 2516 1544 2549 ut
1579 2512 1624 2549 de

163 2568 320 2609 Tithono
357 2572 397 2609 in
433 2572 567 2621 hymno
603 2572 651 2610 ad
687 2571 852 2620 Aphrod.
889 2574 973 2620 212,
1013 2573 1077 2620 qui
1111 2572 1267 2621 hymnus
1305 2583 1348 2610 eo
1384 2572 1532 2620 majoris
1569 2576 1626 2610 est

162 2632 344 2680 momenti,
382 2632 480 2680 quod
509 2632 674 2681 proxime
706 2632 754 2670 ad
784 2633 943 2680 genuina
971 2632 1122 2672 Homeri
1152 2632 1314 2671 carmine
1349 2631 1498 2670 accedit.
1550 2631 1622 2670 Cfr.

164 2687 255 2749 God.
267 2690 468 2731 Hei-manni
479 2693 584 2748 epist.
598 2693 645 2749 ed
656 2692 835 2742 ngenium
852 2693 892 2731 in
909 2693 965 2732 ed.
985 2693 1107 2743 hymn.
1125 2705 1162 2742 p.
1176 2695 1235 2732 89.
1249 2705 1328 2742 sqq.
1342 2692 1387 2732 de
1399 2692 1624 2744 Endymione

162 2748 284 2797 Apoll.
308 2752 351 2801 1.,
375 2756 412 2802 4,
436 2756 558 2803 5-8.)
758 2750 775 2752 ”

262 2811 306 2860 ¹⁸)
328 2813 402 2853 Gfr.
427 2810 559 2855 Nitseh
581 2814 639 2856 ad.
664 2815 702 2853 h.
727 2815 751 2853 1.
777 2815 808 2855 1.
831 2826 869 2864 p.
896 2815 975 2855 179.
