1804 3088
843 99 902 144 41

262 234 424 279 Contra
452 231 574 277 Jovis
606 231 828 276 eonsilium
858 231 904 275 in
934 232 1119 289 patriam
1154 232 1293 278 redire
1330 234 1472 279 eonati
1507 242 1606 282 sunt

143 306 294 355 Achivi
315 306 365 350 Il.
398 307 440 362 β,
476 303 575 348 155.
628 304 763 348 Immo
794 316 897 348 vero
928 303 1023 361 ipse
1053 303 1238 348 fatorum
1267 309 1407 349 rector
1442 310 1603 366 metuit,

142 395 197 427 ne
234 377 344 437 ὑπὲρ
388 376 529 435 μόρον
566 375 758 420 Achilles
794 374 970 433 Trojam
1009 380 1278 433 expugnaret
1316 377 1407 422 sive
1449 393 1504 424 ne
1539 381 1605 425 vis

143 452 237 512 ejus
273 453 396 496 tanta
433 462 531 494 esse
561 451 722 506 posset,
761 451 810 491 ut
840 447 974 492 fatum
1005 447 1033 491 i.
1067 461 1104 491 e.
1144 448 1181 492 si
1211 448 1428 495 Oioeronis
1464 452 1606 497 verbis

142 526 204 571 uti
247 524 348 568 lieet
393 520 468 579 (de
504 520 602 565 Div.
640 521 690 576 1.,
740 518 818 577 55)
865 518 1057 563 ordinem
1101 520 1337 576 seriemque
1381 534 1607 567 causarum

143 596 419 655 perverteret.
484 591 595 636 Nam
625 591 675 635 ΙΙ.
715 606 756 644 v,
788 591 861 635 30.
894 591 1037 644 δείδω,
1078 590 1227 648 inquit,
1267 590 1329 651 μή
1365 592 1439 636 καὶ
1469 599 1608 650 τεῖχος

142 669 253 726 ὖπὲρ
286 665 426 724 μόρον
457 663 722 722 ἐξαλαπάξῃ,
755 663 908 719 quibus
939 676 1036 707 oum
1066 662 1208 707 verbis
1240 676 1463 722 compone,
1495 680 1606 722 quae

142 741 324 800 legimus
354 737 403 785 Il.
439 754 487 795 φ,
519 736 628 782 516:

286 810 423 868 αὔτοὲρ
454 808 683 853 Ἀπόλλων
716 811 877 864 Φοῖβος
907 807 1083 851 ἐδύσετο
1105 805 1252 851 Ἴλιον
1284 807 1383 866 ἱρήν

284 882 501 942 μέμβλετο
533 880 617 940 γάρ
648 880 697 924 οἱ
723 884 861 936 τεῖχος
891 879 1128 941 ἐϋδμήτοιο
1158 878 1324 940 πόληος

284 954 348 1013 μῆ
379 953 547 997 Δαναοὶ
576 955 785 1009 πέρσειαν
817 950 928 1009 ὑπὲρ
959 952 1100 1009 μόρον
1131 950 1265 1011 ἤματι
1294 954 1436 1008 κείνῳ.

259 1025 339 1072 His
362 1029 504 1071 autem
527 1024 645 1082 loeis,
669 1028 717 1069 ut
737 1023 949 1068 sententia
971 1024 1174 1082 suppleta
1194 1023 1260 1081 sit,
1285 1023 1606 1083 {subjugendum

141 1103 227 1143 est:
290 1097 332 1142 εἰ
375 1098 437 1156 μή
478 1096 704 1155 Τρώεσσιν
743 1096 1033 1154 ἐπαρήξομεν,
1074 1096 1189 1152 quod
1227 1109 1357 1151 quum
1398 1097 1606 1153 effugeret

140 1170 309 1228 multos,
357 1169 508 1226 quibus
552 1167 824 1213 nihilominus
868 1167 1116 1213 incredibile
1152 1167 1291 1212 visum
1328 1172 1407 1226 est,
1452 1169 1605 1214 Jovem

140 1244 325 1288 fatorum
371 1241 531 1285 ordinis
576 1241 686 1284 bene
729 1253 911 1297 gnarum
956 1240 1161 1296 timuisse,
1207 1253 1262 1283 ne
1298 1240 1488 1285 Achilles
1526 1254 1606 1286 sua

140 1316 295 1361 virtute
324 1313 449 1358 Ilium
480 1316 761 1370 expugnaret,
794 1311 877 1356 hoo
906 1325 992 1356 uno
1022 1325 1150 1356 versu
1181 1310 1249 1370 OE·
1283 1327 1324 1365 v,
1356 1311 1435 1370 30)
1466 1312 1605 1370 ejecto

142 1392 229 1433 tres
260 1385 370 1431 alios
401 1383 724 1430 substituerunt:

347 1455 403 1502 oz?
431 1460 513 1512 μέν
544 1473 612 1501 τοι
640 1453 757 1515 μοῖρ’
787 1455 903 1500 ἐστιν
935 1456 1000 1500 ἔτι
1030 1455 1142 1507 ζωοῦ
1170 1453 1396 1514 Ἀχιλλῆος

345 1527 485 1574 Ἰλίου
516 1529 724 1588 ἐκπέρσαι
753 1527 1041 1583 εὕναιόμενον
1070 1527 1338 1586 πτολίεθρον

347 1603 529 1660 ἔκπερσε
559 1601 791 1659 δουράτεος
822 1603 954 1650 ἵππος
983 1599 1058 1643 καὶ
1086 1599 1212 1658 μῆτις
1240 1597 1423 1642 Ἐπειοῦ

142 1688 248 1733 quos
278 1686 429 1720 versus
460 1686 488 1717 a
517 1677 648 1731 poeta
677 1673 820 1730 aliquo
853 1671 1015 1730 cyolioo
1045 1670 1262 1729 profectos
1292 1669 1352 1715 ad
1371 1669 1604 1715 Homerum

145 1752 364 1792 auctorem
394 1758 491 1790 esse
520 1745 753 1789 translatos
783 1743 1011 1789 verisimile
1042 1748 1120 1788 est.
