1804 3088
853 183 914 231 u

285 327 307 361 ’.
385 350 399 362 .
432 317 515 365 νῦν
546 331 605 362 av
634 333 692 374 με
722 317 821 378 τεῇς
851 317 900 363 ἐν
929 317 1079 376 χερσὶν
1110 318 1246 378 ἔθήκε

298 388 417 449 μοῖρ’
446 387 568 449 ὀλοή·
598 390 746 446 μέλλω
776 405 865 437 που
896 387 1174 445 ἀπέχθεσθαι
1207 390 1283 435 Διὶ
1311 388 1465 448 πατρῖ

301 460 349 514 ὅς
376 465 436 518 μέ
465 475 535 506 σοι
567 477 690 515 αυτ-ις
720 463 895 510 ἔδωκεν..

274 535 397 581 Idem
432 535 571 592 igitur,
612 536 690 592 qui
721 535 849 583 modo
890 548 938 581 se
969 535 1126 580 Achilli
1162 534 1253 580 fato
1280 534 1491 580 traditum
1529 548 1627 580 esse

155 609 275 665 dixit,
321 607 548 652 confestim
592 621 723 655 versu
763 608 836 665 qni
879 607 1070 664 seqnitur
1113 606 1171 651 ad
1209 607 1471 665 explicanda
1515 620 1627 664 qnae

155 679 407 739 procedunt,
460 692 509 724 se
552 680 651 724 Jovi
687 680 873 725 invisum
910 683 1038 735 atque
1076 679 1130 723 ab
1170 693 1223 724 eo
1267 680 1366 737 ipso
1401 678 1627 737 deceptum

158 765 255 798 esse
291 751 492 809 queritur.
563 751 689 797 Adde
733 751 849 809 qnod
884 751 1202 808 Agamemnon.
1223 752 1394 810 eulpam
1432 751 1628 810 injuriae,

156 837 245 882 qua
260 824 473 870 Achillem
496 824 718 881 affecerat,
749 824 792 869 in
807 824 973 880 Jovem,
996 828 1157 882 μοῖραν
1173 824 1471 882 Erinnyesqne
1490 828 1629 869 trans—

158 898 241 943 fert
271 898 323 942 11.
356 913 396 950 τ,
428 896 506 941 86:

309 1001 501 1012 .....
535 967 619 1022 ἐγώ
650 965 688 1012 δ’
718 965 800 1012 ov'x
831 967 970 1019 αἴτιός
998 966 1103 1024 εἶμι,

307 1038 421 1085 ἀλλὰ
454 1039 566 1090 Ζεύς
595 1038 670 1084 καὶ
699 1045 834 1099 μοῖρα
863 1038 937 1084 καὶ
969 1038 1217 1100 ἠεροφοῖτις
1245 1038 1460 1099 Ἐριννύς.

282 1113 482 1170 ,Iuppiter
497 1112 608 1156 enim
623 1116 671 1155 ut
687 1112 909 1156 consilium
924 1125 1047 1157 suum
1064 1112 1289 1169 perficeret
1304 1111 1634 1157 adGraeeorum

161 1185 400 1244 principem
412 1181 551 1243 ’Ἄτην
576 1183 704 1241 misit,
735 1197 849 1240 quae
871 1182 991 1243 (ibid.
1021 1182 1100 1242 91)
1121 1186 1291 1242 πρέσβα
1314 1182 1418 1234 Διὸς
1435 1183 1633 1243 θυγάτηρ

162 1257 421 1315 appellatur,
476 1256 690 1312 Erinnyes
742 1261 885 1300 autem
945 1255 1120 1300 additae
1174 1268 1272 1301 esse
1324 1254 1535 1313 videntur,
1589 1260 1637 1300 ut

162 1330 476 1386 Agamemnon,
508 1318 630 1373 sicuti
662 1341 693 1371 a
720 1327 832 1373 Jove
862 1328 1089 1373 constitum
1119 1332 1225 1385 erat,
1264 1328 1408 1372 statim
1439 1326 1635 1386 injuriae,

163 1414 293 1459 quam
323 1400 368 1445 in
400 1413 450 1445 se
479 1398 728 1457 admiserat,
759 1413 927 1458 poenas
957 1399 1096 1445 daret.

285 1472 382 1526 Quo
413 1485 511 1517 cum
540 1471 637 1516 loco
670 1471 882 1529 conferas,
914 1471 1030 1529 quod
1060 1472 1109 1517 11.
1144 1487 1186 1526 v,
1217 1472 1310 1517 410
1339 1470 1513 1529 legitur:

313 1578 507 1589 .....
539 1541 645 1589 οὐδέ
673 1560 742 1589 τοι
773 1542 895 1605 ἡμεῖς

310 1617 461 1672 αἴτιοι,
495 1614 609 1661 ἀλλὰ
639 1617 746 1668 θεός
776 1632 824 1662 τε
853 1620 985 1673 μέγας
1014 1616 1089 1662 καὶ
1116 1622 1253 1677 μοῖρα
1281 1616 1461 1677 κρατειή

159 1691 237 1745 νιιῑιὶ
282 1704 362 1749 per
406 1689 589 1747 figuram
635 1704 749 1748 quae
784 1692 833 1735 ἓν
877 1688 954 1735 διά
998 1691 1125 1735 δυοῖν
1162 1695 1355 1748 vocatur,
1401 1691 1556 1736 Jovem
1594 1694 1639 1735 et

164 1763 299 1808 fatum
337 1776 417 1821 pro
454 1761 575 1808 Jovis
619 1762 710 1807 fato
747 1763 909 1808 dictum
948 1776 1045 1809 esse
1082 1767 1216 1821 patet.
1286 1762 1534 1808 simillimus
1569 1762 1638 1807 his

166 1840 233 1882 est
254 1834 375 1882 locus
389 1835 441 1881 Il.
463 1850 505 1891 χ,
528 1835 635 1881 301.
681 1836 844 1882 Hector
857 1836 1078 1882 Minervae
1093 1835 1245 1881 frande
1263 1835 1489 1894 patefacta
1507 1847 1637 1893 quum

157 1909 211 1956 ,in
257 1921 468 1953 summum
515 1907 741 1952 discrimen
790 1913 905 1952 esset
955 1908 1182 1965 adductus,
1228 1908 1330 1953 Jovi
1369 1913 1414 1952 et
1447 1908 1640 1967 Apollini

162 1986 328 2045 μοῖραν
359 1993 482 2026 suam
513 1979 682 2026 videtur
712 1980 952 2039 assignare,
983 1995 1162 2039 quorum
1192 1981 1370 2027 deorum
1399 1995 1484 2040 ope
1509 1986 1641 2027 antea

167 2068 216 2099 se
247 2053 309 2099 ait
338 2053 509 2099 vicisse.
572 2052 775 2098 Oratione
805 2053 919 2098 enim
949 2054 1018 2099 his
1048 2055 1189 2100 verbis
1220 2055 1413 2112 incepta:
1516 2099 1518 2104 ,

261 2114 297 2169 ὦ
326 2125 469 2173 πόποι
499 2113 527 2184 ἦ
556 2124 677 2181 μάλα
707 2126 764 2186 δή
791 2141 850 2182 με
879 2125 982 2172 θεοὶ
1012 2126 1264 2173 θάνατόνδε
1295 2126 1513 2173 κάλεσσαν

169 2200 231 2244 ita
260 2199 425 2258 pergit:

294 2303 487 2315 .....
521 2258 549 2331 ἦ
579 2270 665 2331 γάρ
697 2269 753 2331 ῥα
782 2271 925 2317 πάλαι
955 2270 1055 2328 τόγε
1089 2272 1296 2332 φίλτερον
1329 2261 1406 2334 ἦεν

294 2345 410 2403 Ζηνί
437 2360 485 2389 τε
514 2344 589 2389 καὶ
621 2344 728 2397 Διός
758 2346 848 2389 υἱεῖ
874 2341 1116 2431 Ἐκῃβόλῳ,
1148 2348 1201 2390 οἵ
1220 2362 1277 2403 με
1306 2346 1447 2406 πάρος
1477 2362 1525 2402 γε

293 2415 546 2475 πρόφρονες
576 2415 887 2477 simiam-0251»
918 2434 1024 2463 avve
1054 2435 1111 2476 με
1140 2424 1275 2478 μοῖρα
1305 2419 1488 2475 κιχάνει.

291 2481 525 2533 Praeterea
557 2489 771 2535 conferas·
792 2490 912 2536 locos
936 2491 1032 2550 jam
1063 2504 1197 2549 supra
1232 2490 1295 2550 (p.
1336 2490 1413 2550 18)
1444 2490 1648 2536 laudatos

165 2555 221 2606 11.
246 2559 551 2619 w‚527sqq.
584 2560 741 2609 etOd.
775 2578 814 2617 ο,
846 2562 951 2609 488.

291 2635 423 2679 Teste
452 2634 582 2691 igitur
610 2636 799 2681 Homero
829 2636 945 2693 quod
974 2635 1065 2682 fato
1097 2636 1341 2682 attribuitur
1368 2636 1499 2684 etiam
1523 2633 1646 2683 Jovffs

170 2706 366 2766 potentia
410 2700 649 2766 perfectm
691 2720 793 2755 esse
835 2709 1115 2768 cogitanda*
1158 2714 1238 2768 est,
1286 2710 1402 2756 unde
1448 2702 1647 2769 apparet,

170 2779 306 2824 fatum
338 2793 426 2825 non
448 2793 546 2826 esse
561 2782 672 2827 Jove
695 2782 903 2840 superius.
962 2782 1098 2842 Cujus
1129 2783 1368 2828 sententiae
1394 2786 1651 2841 argumema
