1804 3088
884 187 947 236 ¹0

179 324 294 371 enim
332 322 489 378 obstat,
539 322 640 378 quin
672 335 791 377 quae·
816 320 1052 369 tribuerunt
1082 321 1198 366 bona
1227 333 1374 367 rursus
1404 330 1647 378 reposcant.

180 394 308 449 Quod
355 394 510 440 Ulixes>
554 393 671 451 apud
723 392 950 440 Alcinoum
1001 401 1149 448 regem
1200 405 1329 449 quum
1374 392 1649 449 pristinarum

177 466 420 514 divitiarum
450 466 717 511 >mentionem
755 464 942 520 fecisset,
990 464 1216 510 confirmat
1254 464 1322 510 his
1354 464 1516 510 verbis:
1565 465 1647 513 od.

177 557 217 600 ρ,
248 539 354 586 424.

338 609 455 656 ἄλλά
487 610 601 661 Zetis
632 607 831 662 ἀλάπαζε
863 610 1077 667 Κρονίων·
1111 607 1247 668 ἤθελε
1277 608 1360 667 γάρ
1391 623 1493 652 που.
1566 662 1569 665 ¹

296 686 398 744 Ipse
430 687 574 729 autem
605 687 731 741 pater
761 682 938 727 deorum
965 680 1160 728 homines
1191 680 1368 726 credere
1391 679 1506 738 dicit,
1539 681 1649 729 sicut

176 759 321 804 omnia
358 758 486 813 bona,
539 756 602 800 ita
646 756 778 800 etiam
826 755 978 811 quibus
1014 758 1309 812 premerentur
1346 754 1465 799 mala
1501 767 1529 797 a
1566 754 1647 801 diis

175 829 403 889 proficisci,
443 827 491 880 ἐξ
521 826 685 888 ἡμέων,
724 828 873 884 inquit,
912 827 997 885 γάρ
1029 840 1137 884 φασι
1174 824 1271 871 καί
1300 827 1499 882 ἔμμεναι.
1562 825 1644 873 Od.

176 919 218 957 a,
259 904 332 948 33.
395 901 516 948 Idem
549 900 794 958 significant
824 900 964 946 Ulixis
996 900 1142 945 verba.
1205 900 1276 957 (Il.
1307 902 1345 956 ξ,
1378 898 1473 955 85.)

489 1007 498 1016 .
535 1006 544 1016 .
578 965 693 1018 οἷσιν
727 970 814 1031 ἄρα
846 971 960 1027 Ζευς

395 1045 443 1089 ἐκ
473 1045 680 1104 νεότητος
710 1045 845 1089 ἔδωκε
875 1044 949 1089 καὶ
979 1043 1024 1094 ἐς
1054 1043 1186 1102 γῆρας
1215 1042 1474 1087 τολυπεύειν
1518 1043 1523 1048 ’

396 1116 634 1176 ἀργαλέους
665 1117 885 1172 πολέμους
916 1113 1035 1173 ὄφρα
1067 1116 1327 1171 φθίομεσθα
1358 1114 1547 1164 ἕκαστος.

295 1189 457 1235 Omnes
488 1189 616 1245 igitur
647 1187 797 1233 clades
829 1192 873 1232 et
902 1187 1185 1244 calamitates,
1225 1186 1377 1242 quibus
1408 1190 1464 1231 et·
1481 1185 1643 1243 populi,

177 1262 371 1307 Graecos
402 1261 500 1307 dico
534 1265 577 1305 et
607 1261 835 1318 Trojanos‚
869 1264 913 1304 et
943 1259 1101 1316 singuli
1131 1258 1326 1304 homines
1357 1262 1456 1303 sunt
1484 1257 1644 1314 affecti,

174 1348 203 1379 a
250 1334 373 1379 Jovis
422 1333 601 1380 consilio
648 1330 909 1390 repetendas
955 1344 1053 1377 esse
1098 1331 1142 1376 in
1179 1331 1274 1388 ipso
1311 1329 1460 1376 Iliadis
1499 1329 1646 1376 limine

173 1406 337 1452 indicat
374 1406 588 1451 Homerus
620 1405 686 1450 his
717 1403 880 1450 verbis:
1257 1445 1262 1454 ,

295 1476 434 1535 „Auis
469 1476 683 1525 ἐτελείετο
711 1474 884 1534 βουλή(
923 1479 968 1521 et
1003 1475 1212 1530 laborum,
1257 1473 1330 1531 qui
1367 1473 1413 1519 in
1444 1472 1646 1531 Odyssea

174 1554 448 1606 enarrantur,
509 1549 643 1595 series
697 1549 752 1594 ab
804 1548 917 1593 Jove
963 1551 1139 1592 auctore
1182 1546 1416 1593 ordinatur.
1494 1546 1645 1602 Neque

172 1623 313 1668 minus
344 1635 473 1680 mors,
506 1622 699 1667 ultimum
732 1620 958 1677 malorum,
990 1619 1045 1665 ab
1079 1618 1231 1664 eodem
1261 1618 1344 1665 deo
1374 1617 1420 1663 in
1449 1617 1645 1665 homines

160 1695 421 1751 immittitur,
468 1693 584 1749 quod
614 1696 748 1750 poeta
776 1697 928 1750 aperte
958 1691 1085 1738 docet
1114 1691 1165 1737 Π.
1198 1706 1240 1748 χ,
1272 1690 1383 1735 365:

393 1766 507 1826 κῆρα
537 1763 576 1809 δ’
606 1764 691 1821 ἐγώ
721 1764 823 1810 τότε
854 1766 1048 1821 δέξομαι,
1080 1760 1219 1808 ὁπότε
1249 1778 1324 1808 κεν
1356 1761 1413 1821 δή
1478 1801 1480 1803 .

396 1838 508 1889 Ζεύς
538 1837 673 1896 ἐθέλῃ
705 1837 878 1882 τελέσαι
910 1871 920 1880 .
956 1870 966 1880 .
1002 1870 1011 1879 .
1047 1869 1057 1879 .

293 1909 381 1956 Ofr.
415 1909 497 1955 od.
529 1925 570 1963 σ,
605 1909 706 1954 155.
739 1924 777 1964 γ,
811 1909 913 1954 242.
946 1924 986 1962 ν,
1019 1908 1123 1953 360.
1156 1923 1197 1960 v,
1230 1908 1302 1952 67.

291 1982 334 2027 A
373 1981 454 2028 diis
490 1982 620 2040 igitur
659 1985 703 2025 et
745 1981 943 2027 maxime·
970 1978 1143 2037 quidem
1182 1993 1212 2024 a
1246 1979 1356 2028 Jove
1401 1974 1641 2025 hominibus

170 2055 287 2099 bona
326 2059 370 2098 ct
406 2055 525 2099 mala
561 2053 871 2111 impertiuntur,
913 2052 992 2098 sed
1022 2052 1097 2109 ita,
1134 2056 1183 2097 ut
1211 2065 1290 2109 pro
1322 2064 1399 2095 suo
1427 2064 1641 2107 quemque

171 2126 322 2171 merito
370 2130 446 2171 aut
491 2125 694 2184 praemiis
747 2129 823 2168 aut
873 2123 1025 2182 poenis
1071 2122 1246 2168 afficiat.
1324 2123 1491 2173 Morum
1527 2123 1640 2169 enim

170 2199 374 2256 pietatem
406 2203 537 2255 atque
568 2198 856 2255 integritatem
887 2196 1084 2253 honorat,
1117 2194 1391 2247 acerbissime
1420 2199 1566 2242 autem
1596 2195 1641 2242 in

171 2284 247 2316 eos
278 2270 594 2328 animadvertit,
632 2271 706 2328 qui
737 2268 940 2328 superbia
977 2272 1022 2314 et
1058 2267 1289 2317 insolentia
1328 2263 1472 2326 (ὕβρι)
1511 2267 1640 2320 animi

170 2344 308 2400 ducti,
372 2357 501 2400 quam
567 2343 762 2389 omnibus
817 2341 1081 2399 temporibus
1141 2340 1303 2388 fontem
1363 2340 1641 2397 plurimorum

171 2416 383 2460 malorum
427 2415 587 2461 Graeci
629 2415 1001 2470 existimaverunt,
1050 2413 1203 2470 opibus
1249 2412 1338 2457 suis
1383 2426 1437 2458 ac
1480 2413 1640 2466 viribus

171 2486 311 2534 fidunt
355 2486 701 2543 verecundiaque
744 2487 791 2532 in
833 2486 941 2534 deos
985 2488 1254 2546 contempta,
1304 2485 1413 2531 iram
1456 2484 1640 2531 deorum

169 2559 214 2602 in
267 2572 316 2603 se
370 2562 636 2603 convertunt.
717 2557 839 2602 Idem
891 2557 1019 2602 docet
1062 2557 1276 2603 Homerus
1314 2556 1466 2609 ,multis
1512 2557 1639 2613 Ιοοίες

170 2631 247 2677 cfr.
284 2630 366 2676 od.
398 2633 438 2686 ξ,
470 2632 552 2676 83:

262 2702 317 2749 οὐ
345 2703 433 2761 μὸν
465 2703 641 2760 σχέτλια
671 2704 776 2762 ἔργα
804 2701 906 2747 θεοὶ
935 2701 1127 2761 minaces
1158 2701 1387 2760 φιλέουσιν

258 2775 378 2822 οἷλλὰ
406 2778 535 2837 δίκην
567 2778 708 2821 τίουσι
738 2775 813 2820 καὶ
842 2775 998 2831 αἴσιμα
1028 2773 1115 2833 ἔργ’
1144 2772 1397 2833 ἀνθρώπων
