1804 3088
864 145 922 192 23

163 292 346 336 eamque
387 291 478 323 rem
521 278 622 322 belli
665 291 694 321 a
730 278 910 323 Graecis
948 281 1136 338 suscepti
1174 294 1308 325 causa
1344 285 1458 325 esset
1488 282 1621 339 Justa,

163 366 192 397 a
236 349 392 396 Paride
438 362 603 407 poenas
646 350 821 395 meritas
868 364 1035 396 sumere
1080 366 1134 397 ac
1177 353 1358 397 Graecis
1401 353 1622 398 victoriam

163 422 401 470 concedere
431 422 530 467 Jovi
567 422 775 466 bellorum
815 436 979 468 summo
1018 424 1276 469 moderatori
1310 425 1493 482 placuit3
1525 426 1625 470 huic

163 497 276 546 enim
306 507 413 553 prae
444 493 597 539 ceteris
628 493 708 539 diis
736 494 896 553 'l'rojae
933 495 1147 540 excidium
1187 496 1439 553 attribuitur,
1482 496 1551 556 (Il.
1583 498 1623 552 δ,

168 571 254 615 160
292 581 356 625 sq.
394 583 435 621 ν,
483 567 571 611 625
606 566 750 627 Ζηνός
786 600 797 611 .
833 600 842 610 .
879 600 889 610 .
924 601 934 611 .
967 570 1145 622 ξεινίου,
1196 564 1245 619 ὅς
1289 584 1337 613 τε
1381 567 1478 613 ποτ’
1514 568 1626 626 ὔμμι

164 643 426 699 διαφθέρσει
455 640 590 684 πόλιν
621 638 777 700 αἰπήν)
810 640 938 697 quod,
971 645 1018 685 ut
1052 655 1185 699 supra
1219 641 1415 698 vidimus,
1449 645 1623 700 ἑρκεῖος,

164 716 333 768 ξείνιος,
382 709 527 771 ὅρκιος
559 713 805 771 appellatur
841 726 1050 770 arcesque
1079 714 1245 758 urbium
1277 713 1444 758 diruere
1475 713 1628 759 dicitur

165 788 240 833 cfr.
271 787 322 832 11.
354 789 395 844 β,
430 784 532 831 IN.
564 802 593 843 ι,
628 786 699 831 24.
762 785 845 831 od.
877 803 915 840 τ,
948 787 1020 831 80.
1068 786 1188 831 Idem
1211 800 1235 831 e
1256 787 1436 833 Junonis
1459 801 1627 844 quoque

164 860 306 906 verbis
338 863 534 918 apparet,
583 871 712 915 quum
748 858 791 902 in
823 859 897 903 illo
929 858 985 902 de
1015 859 1175 917 Trojae
1212 859 1379 904 excidio
1416 860 1627 916 colloquio

165 932 413 990 simpliciter
458 945 511 975 ac
548 931 775 989 perspicue
810 932 978 988 Jovem,
1027 932 1063 976 si
1108 932 1252 988 vellet,
1285 933 1460 989 Trojam
1497 946 1627 990 posse

164 1017 339 1050 servare
385 1004 557 1048 diceret.
636 1003 723 1048 Cfr.
772 1004 822 1048 Il.
871 1004 910 1057 ὃ,
959 1004 1031 1048 26.
1109 1003 1232 1048 Paris
1284 1017 1387 1048 vero
1433 1004 1528 1062 ipse
1572 1004 1626 1048 ob

164 1075 361 1134 injuriam
391 1077 590 1121 Menelao
620 1076 785 1120 illatam
816 1076 871 1121 ab
903 1076 1097 1121 omnibus
1130 1077 1309 1121 Graecis
1340 1081 1383 1121 et
1412 1077 1625 1135 Trojanis,

165 1149 316 1207 quibus
360 1149 583 1194 Menelaus
619 1149 672 1194 ob
710 1148 823 1194 illius
861 1148 1097 1193 nefandum
1134 1149 1276 1194 scelus
1312 1149 1433 1195 Jovis
1465 1151 1627 1202 ξεινίου

164 1223 272 1266 iram
302 1222 487 1267 minatus
525 1227 603 1278 est,
635 1235 724 1266 una
752 1235 861 1267 voce
891 1222 1162 1278 maximeque
1192 1222 1247 1265 ab
1278 1222 1465 1267 Hectore
1496 1222 1627 1266 fratre

165 1294 501 1352 reprehenditur.
569 1294 652 1338 Hic
689 1295 802 1338 enim
839 1295 1087 1351 colloquens
1125 1307 1221 1337 cum
1266 1295 1446 1339 Hecuba
1491 1299 1628 1339 matre

166 1364 234 1419 (Il.
268 1367 302 1419 ζ,
335 1365 442 1424 282)
474 1366 649 1422 utinam,
681 1366 828 1423 inquit,
862 1366 1085 1411 confestim
1115 1370 1255 1410 terrae
1285 1366 1427 1411 hiatus
1458 1366 1655 1410 hauriat¹

165 1438 380 1496 Paridem,
418 1452 544 1496 quem
574 1438 772 1497 ,Iuppiter
807 1439 1016 1497 Trojanis,
1058 1439 1227 1484 Priamo
1266 1437 1445 1496 ejusque
1482 1437 1626 1483 liberis

165 1511 352 1555 maximo
384 1511 636 1555 detrimento
669 1524 766 1556 esse
796 1512 949 1568 voluit3
988 1512 1061 1567 qui
1097 1513 1133 1556 si
1172 1511 1228 1554 ad
1259 1510 1418 1554 inferos
1449 1509 1626 1554 descen-

166 1583 300 1641 deret,
333 1583 499 1628 animus
529 1596 650 1628 meus
681 1583 724 1627 in
755 1583 1020 1640 gratissimas
1042 1597 1270 1629 aerumnas
1292 1582 1624 1628 oblivisceretur.

166 1657 223 1700 Et
252 1661 523 1713 praesentem
544 1657 684 1713 ipsum
716 1657 769 1699 ob
792 1658 947 1701 multos
970 1657 1043 1700 illo
1062 1661 1236 1699 auctore
1258 1655 1459 1711 Trojanis
1482 1655 1627 1698 illatos

166 1728 337 1772 labores
367 1727 671 1784 molestiasque
701 1728 766 1772 ira
797 1728 1007 1773 excitatus
1043 1729 1106 1772 ita
1136 1727 1384 1784 alloquitur:

258 1798 465 1858 Δύσπαρ’,
497 1796 612 1850 εἶδος
642 1798 803 1859 ἄριστε,
836 1803 1108 1856 γυναίμανες,
1141 1797 1434 1859 ἠπεροπευτά,

257 1872 352 1917 αἴθ’
383 1871 541 1931 ὄφελες
572 1871 730 1929 ἄγονος
760 1870 796 1917 τ’
826 1874 1011 1929 ἔμμεναι
1043 1870 1207 1929 ἄγαμος
1237 1869 1273 1916 τ’
1304 1869 1553 1916 ἀπολέσθαι

167 1951 211 1990 et
239 1947 290 1990 Il.
325 1962 362 2001 γ,
394 1946 472 1990 56:

258 2016 370 2063 α’λλοί
399 2017 520 2075 μαλοῖ
555 2018 715 2077 Τρῶες,
747 2017 1019 2079 δαιδήμονες·
1053 2005 1082 2077 ἦ
1115 2020 1164 2061 τέ
1192 2032 1267 2062 κεν
1301 2015 1383 2078 ἤδη

258 2092 412 2136 λάϊνον
443 2092 544 2135 ἕσσο
567 2091 738 2145 ’χιτῶνα
768 2092 912 2135 κακῶν
944 2090 1067 2146 ἕνεχ’,
1100 2088 1211 2134 ὅσσα
1242 2092 1392 2149 ἔοργας

166 2165 317 2221 quibus
362 2164 505 2209 fratris
553 2163 754 2208 conviciis
800 2177 930 2221 quum
972 2163 1095 2208 Paris
1145 2163 1260 2221 quod
1307 2166 1499 2222 opponat
1543 2175 1628 2206 non

165 2237 338 2294 habeat,
370 2237 488 2281 haud
518 2237 725 2281 immerito
757 2251 805 2281 se
837 2251 865 2280 a
895 2237 1027 2281 fratre
1056 2237 1270 2294 increpari
1300 2236 1543 2281 confitetur:

258 2304 426 2368 ‘'132on
460 2342 470 2352 .
506 2341 515 2351 .
548 2324 604 2365 με
633 2306 725 2353 κατ’
756 2304 884 2353 αἶσαν
916 2307 1143 2363 ἐνείκεσας,
1176 2306 1268 2353 οὐδ’
1298 2307 1408 2368 ὑπὲρ
1440 2303 1580 2352 αἶσαν.

168 2382 255 2427 Cfr.
288 2383 338 2428 11.
372 2398 410 2438 y,
449 2384 551 2439 320,
590 2383 695 2426 453.
727 2396 811 2438 quo
842 2382 1071 2426 referenda
1102 2387 1168 2426 est
1198 2381 1367 2426 Paridis
1399 2380 1628 2437 descriptio

167 2454 217 2498 11.
266 2472 315 2509 ω,
362 2455 435 2499 39.
497 2454 589 2499 Nec
625 2467 727 2500 vero
770 2467 868 2499 eum
914 2454 1053 2499 solum
1098 2453 1230 2498 fuisse
1267 2452 1310 2497 in
1360 2453 1500 2511 culpa,
1552 2450 1630 2496 sed

167 2526 380 2585 Trojanos
432 2527 578 2583 aliqua
629 2541 685 2572 ex
736 2531 861 2585 parte
906 2527 1153 2571 societatem
1208 2526 1381 2570 sceleris
1428 2525 1631 2569 habuisse

166 2598 266 2652 inde
298 2598 580 2658 cognoscitur,
613 2599 727 2658 quod
757 2599 1014 2645 Antimacho
1045 2599 1250 2657 imprimis
1281 2602 1469 2655 auctore,
1503 2610 1630 2655 quem

168 2685 273 2717 auro
319 2677 562 2730 corruptum
600 2686 697 2717 esse
735 2673 892 2729 dicunt,
939 2673 1152 2716 Helenam
1184 2685 1231 2715 se
1262 2670 1504 2715 reddituros
1534 2683 1633 2716 esse

167 2748 447 2802 negaverant.
511 2744 618 2804 (cfr.
651 2745 702 2791 ΙΙ.
734 2745 774 2801 λ,
808 2745 893 2790 123
925 2743 1039 2804 sqq.)
1092 2744 1230 2790 Nemo
1262 2742 1376 2788 enim
1403 2742 1632 2803 Trojanus,
