1804 3088
879 135 936 180 21

176 276 221 317 Gt
250 271 332 316 Od.
365 286 403 326 Υ,
438 270 548 314 132:

267 341 342 387 καὶ
371 341 470 386 τότε
499 339 557 399 δή
589 338 700 389 Ζευς
729 338 890 397 λυγρόν
921 338 989 383 ἑνὶ
1021 339 1149 398 φρεσὶ
1179 340 1343 399 μήδετο
1374 342 1530 387 νόστον

265 413 485 472 Ἀργείοις·
518 410 616 455 ἐπεὶ
647 409 745 455 οὔτι
770 410 983 469 νοήμονες
1012 409 1117 455 οὐδὲ
1147 413 1312 455 δίκαιοι

263 484 425 538 πάντες
455 485 570 529 ἔσαν.

174 563 219 603 et
248 558 331 603 od.
362 573 402 610 ν,
435 557 543 601 213:

266 628 380 681 Ζεύς
409 640 545 686 σφεας
574 625 737 672 duab-9³
767 627 980 688 ἱκετήσιος
1010 640 1109 673 οστε
1139 627 1213 672 καὶ
1245 625 1403 679 ἄλλους

265 701 529 760 ἀνθρώπους
559 700 715 759 ἐφορᾶ,
748 700 821 745 καὶ
851 703 1021 745 τίνυται
1052 698 1168 752 ὅστις
1198 700 1384 760 ἁμάρτῃ.

294 773 434 827 Quum
492 777 635 818 autem
684 772 905 817 homerica
952 777 1097 818 aetate
1148 787 1292 831 pauca
1342 773 1509 830 legibus
1557 786 1637 816 nec

171 846 341 903 scriptis
386 850 532 891 essent
577 844 803 902 custodita,
850 846 1069 902 multaque
1115 859 1171 890 ex
1208 846 1427 890 hominum
1462 844 1636 889 libidine

171 917 417 963 viderentur
445 917 649 975 pendere,
687 931 743 962 ne
773 917 840 962 vis
870 917 992 962 fieret
1022 918 1222 974 moribus,
1261 918 1413 975 quibus
1453 917 1636 962 civitatis

171 990 289 1035 salus
320 991 548 1046 nitebatur,
579 989 638 1033 ad
658 990 811 1035 Jovem
830 991 1024 1046 vultorem
1045 990 1222 1034 crimina
1253 1004 1307 1034 ea
1328 990 1634 1046 referebantur,

170 1074 283 1117 quae
329 1061 503 1120 judiciis
562 1075 649 1106 non
698 1066 897 1119 poterant
948 1063 1147 1106 coerceri.
1220 1063 1372 1119 Itaque
1425 1075 1554 1118 quum
1607 1074 1636 1105 a

169 1147 393 1191 procorum
438 1134 563 1178 turba
611 1138 654 1178 et
700 1138 822 1178 casta
867 1136 1026 1192 conjux
1070 1139 1113 1179 et
1157 1135 1303 1192 regiae
1348 1147 1454 1192 opes
1495 1133 1634 1179 Ulixis

170 1209 320 1250 contra
373 1206 442 1252 fas
487 1219 541 1251 ac
580 1206 655 1264 jus
706 1210 973 1264 peterentur,
1035 1206 1187 1251 domus
1248 1207 1302 1252 ab
1360 1206 1632 1264 epulantibus

169 1277 433 1336 diriperetur,
474 1279 761 1324 Telemachus
796 1279 994 1337 precibus
1026 1279 1226 1324 adhibitis
1264 1279 1440 1324 deorum
1470 1279 1630 1324 miseri-

167 1349 370 1407 cordiam,
415 1351 537 1396 Jovis
578 1351 685 1394 iram
723 1352 915 1396 ultricem
959 1352 1203 1408 imploravit
1244 1352 1417 1409 filioque
1451 1351 1631 1409 jubente

166 1425 305 1468 mater
353 1422 504 1468 infelix
548 1423 667 1468 vovit
711 1423 907 1469 victimas
952 1437 999 1469 se
1050 1424 1244 1469 omnibus
1295 1424 1375 1469 diis
1415 1423 1626 1480 daturam,
1641 1419 1651 1427 ⁰

167 1494 206 1539 si
239 1495 438 1553 Juppiter
467 1496 744 1541 ulcisceretur
779 1510 1002 1554 procorum
1039 1497 1310 1541 insolentiam
1349 1496 1424 1541 cfr.
1464 1496 1545 1540 Od.
1584 1500 1626 1553 β,

169 1566 268 1622 143,
314 1583 354 1626 ρ,
399 1568 471 1612 95.
540 1567 707 1615 Eadem
751 1568 806 1613 de
853 1582 987 1613 causa
1029 1569 1228 1626 Juppiter
1273 1569 1480 1614 acerrimo
1527 1568 1625 1614 odio

165 1639 304 1683 saevit
344 1640 387 1683 in
421 1648 526 1697 eos,
566 1641 638 1696 qui
680 1640 724 1684 in
767 1640 859 1684 foro
902 1641 1060 1697 injuste
1105 1646 1307 1686 exercent
1344 1641 1512 1698 judicia
1548 1641 1623 1686 cfr.

164 1710 216 1755 Il.
246 1726 294 1764 π,
327 1712 428 1756 386.
462 1717 592 1769 atque
622 1726 729 1770 prae
761 1712 912 1757 ceteris
944 1711 1025 1757 diis
1051 1713 1333 1771 jurisjurandi
1353 1713 1624 1759 sanctitatem

163 1785 315 1840 tuetur,
348 1797 477 1840 quam
499 1785 536 1829 si
553 1785 648 1841 quis
669 1785 908 1840 violaverit,
941 1798 1036 1829 eum
1065 1786 1329 1841 gravissimis
1356 1786 1625 1843 persequitur

162 1854 334 1912 poenis3
389 1856 606 1901 cadavera
651 1856 918 1915 perjurorum
966 1858 1214 1915 sepulturae
1265 1858 1427 1904 honore
1474 1860 1625 1904 orbata

161 1926 441 1985 projiciuntur
455 1929 604 1974 alitum
619 1929 806 1987 praeda3
837 1943 994 1976 uxores
1015 1930 1138 1987 ipsae
1160 1943 1213 1975 ac
1243 1930 1364 1975 liberi
1379 1932 1621 1989 puniuntur.

162 1997 249 2042 Gfr.
289 2000 339 2044 Il.
383 2002 483 2058 161,
533 2003 634 2059 164,
683 2003 771 2047 236
809 2015 901 2058 sqq.
964 2003 1108 2047 Etiam
1137 2003 1350 2060 Erinnyes
1387 2004 1465 2049 sub
1501 2004 1624 2049 terris

160 2071 302 2116 scelus
332 2072 597 2131 perjurorum
628 2074 889 2119 ulciscuntur
918 2078 962 2118 et
992 2074 1063 2132 dii,
1097 2076 1169 2132 qui
1194 2076 1371 2121 Titanes
1402 2080 1621 2133 vocantur,

158 2143 203 2191 in
229 2145 411 2189 Tartaro
448 2160 545 2191 cum
576 2147 717 2192 Crono
753 2147 886 2192 vitam
917 2151 1111 2205 agentes,
1148 2147 1324 2206 perjurii
1361 2162 1527 2207 poenas
1565 2150 1619 2194 ab

157 2215 211 2261 iis
247 2217 438 2274 exigunt.
502 2219 588 2265 Ofr.
620 2220 671 2265 11.
703 2235 752 2273 π,
785 2219 886 2264 258.
920 2222 957 2273 ξ,
991 2220 1092 2265 275.

279 2290 430 2347 Neque
481 2293 620 2339 minus
672 2293 771 2338 Jovi
825 2305 955 2339 curae
1014 2297 1113 2338 sunt
1164 2293 1377 2352 hospites,
1437 2295 1619 2341 mendici

157 2362 459 2420 supplicesque
526 2363 621 2422 (cfr.
676 2364 756 2409 Od.
807 2366 846 2420 ζ,
896 2366 1006 2409 207:
1069 2364 1180 2423 πρὸς
1229 2365 1309 2424 γάρ
1340 2366 1462 2425 ,Διός
1508 2366 1619 2412 εἰσιν

156 2430 347 2486 ἅπαντες
390 2439 530 2488 ξεῖνοί
563 2453 611 2481 τε
653 2438 823 2491 πτωχοί
864 2436 928 2496 τε)
967 2441 1096 2494 atque
1139 2437 1316 2495 injurias
1352 2439 1436 2483 illis
1473 2439 1618 2484 illatas

156 2506 386 2553 ulciscitur.
450 2508 537 2553 Cfr.
578 2507 658 2553 Od.
698 2524 739 2563 v,
770 2510 879 2554 478:
968 2502 970 2504 ’
1034 2557 1036 2560 f

373 2582 540 2633 ξείνους
570 2578 652 2636 οὐχ
682 2577 783 2635 ἅζεο
815 2581 877 2639 σῷ
907 2580 975 2626 ἐνὶ
1006 2580 1111 2639 οἴκῳ

372 2653 621 2712 ἐσθέμεναι·
654 2654 716 2712 τῷ
746 2667 794 2699 σε
825 2653 936 2705 Ζεύς
966 2655 1116 2700 τίσατο
1146 2653 1221 2700 καὶ
1250 2653 1352 2700 θεοὶ
1383 2652 1511 2700 ἄλλοι

153 2723 238 2769 ibd.
271 2728 308 2780 ξ,
342 2727 443 2773 283.
475 2728 525 2773 Il.
558 2743 598 2783 ν,
632 2729 733 2773 623.
783 2727 863 2773 Od.
895 2743 935 2785 ν,
970 2728 1071 2772 213.
