<?xml version="1.0" encoding="UTF-8"?>
<!DOCTYPE html PUBLIC "-//W3C//DTD XHTML 1.0 Transitional//EN"
    "http://www.w3.org/TR/xhtml1/DTD/xhtml1-transitional.dtd">
<html xmlns="http://www.w3.org/1999/xhtml" xml:lang="en" lang="en">
 <head>
  <title>
</title>
<meta http-equiv="Content-Type" content="text/html;charset=utf-8" />
  <meta name='ocr-system' content='tesseract 3.04.00' />
  <meta name='ocr-capabilities' content='ocr_page ocr_carea ocr_par ocr_line ocrx_word'/>
</head>
<body>
  <div class='ocr_page' id='page_1' title='image "4737185_0043.png"; bbox 0 0 1804 3088; ppageno 0'>
   <div class='ocr_carea' id='block_1_1' title="bbox 825 141 891 193">
    <p class='ocr_par' dir='ltr' id='par_1_1' title="bbox 825 141 891 193">
     <span class='ocr_line' id='line_1_1' title="bbox 825 141 891 193; baseline 0 0"><span class='ocrx_word' id='word_1_1' title='bbox 825 141 891 193; x_wconf 62' lang='lat'><strong>335</strong></span> 
     </span>
    </p>
   </div>
   <div class='ocr_carea' id='block_1_2' title="bbox 122 280 1610 1263">
    <p class='ocr_par' dir='ltr' id='par_1_2' title="bbox 122 280 1610 1263">
     <span class='ocr_line' id='line_1_2' title="bbox 124 280 1588 342; baseline -0.001 -12"><span class='ocrx_word' id='word_1_2' title='bbox 124 291 160 341; x_wconf 85' lang='grc' dir='ltr'><strong>ξ,</strong></span> <span class='ocrx_word' id='word_1_3' title='bbox 207 285 315 330; x_wconf 82' lang='lat'>207:</span> <span class='ocrx_word' id='word_1_4' title='bbox 378 282 455 326; x_wconf 77' lang='grc' dir='ltr'><strong>τὸν</strong></span> <span class='ocrx_word' id='word_1_5' title='bbox 501 281 627 342; x_wconf 81' lang='grc' dir='ltr'><strong><em>κῆρες</em></strong></span> <span class='ocrx_word' id='word_1_6' title='bbox 673 282 778 338; x_wconf 79' lang='grc' dir='ltr'><strong><em>ἔβαν</em></strong></span> <span class='ocrx_word' id='word_1_7' title='bbox 824 280 1040 325; x_wconf 79' lang='grc' dir='ltr'><strong><em>θανάτοιο</em></strong></span> <span class='ocrx_word' id='word_1_8' title='bbox 1088 285 1301 341; x_wconf 83' lang='grc' dir='ltr'><strong><em>φέρουσαι</em></strong></span> <span class='ocrx_word' id='word_1_9' title='bbox 1344 282 1406 334; x_wconf 82' lang='grc' dir='ltr'><strong>εἰς</strong></span> <span class='ocrx_word' id='word_1_10' title='bbox 1430 282 1588 329; x_wconf 80' lang='grc' dir='ltr'><em>-Ἀΐδου</em></span> 
     </span>
     <span class='ocr_line' id='line_1_3' title="bbox 124 351 1610 415; baseline -0.002 -14"><span class='ocrx_word' id='word_1_11' title='bbox 124 360 297 415; x_wconf 79' lang='grc' dir='ltr'><strong><em>δόμους.</em></strong></span> <span class='ocrx_word' id='word_1_12' title='bbox 361 352 443 399; x_wconf 83' lang='grc' dir='ltr'><strong>Οᾶ.</strong></span> <span class='ocrx_word' id='word_1_13' title='bbox 483 354 523 406; x_wconf 78' lang='grc' dir='ltr'><strong>λ,</strong></span> <span class='ocrx_word' id='word_1_14' title='bbox 566 354 649 397; x_wconf 85' lang='grc'><strong>171</strong></span> <span class='ocrx_word' id='word_1_15' title='bbox 690 352 772 412; x_wconf 76' lang='grc' dir='ltr'><strong>κῆρ</strong></span> <span class='ocrx_word' id='word_1_16' title='bbox 811 351 1047 411; x_wconf 77' lang='grc' dir='ltr'>ἐδάμασσε)</span> <span class='ocrx_word' id='word_1_17' title='bbox 1085 354 1303 409; x_wconf 87' lang='lat' dir='ltr'><strong>multaque</strong></span> <span class='ocrx_word' id='word_1_18' title='bbox 1340 356 1440 412; x_wconf 88' lang='lat' dir='ltr'><strong>alia,</strong></span> <span class='ocrx_word' id='word_1_19' title='bbox 1478 370 1610 412; x_wconf 16' lang='lat' dir='ltr'><strong>quae*</strong></span> 
     </span>
     <span class='ocr_line' id='line_1_4' title="bbox 123 424 1590 491; baseline -0.002 -15"><span class='ocrx_word' id='word_1_20' title='bbox 123 434 278 491; x_wconf 84' lang='lat' dir='ltr'><strong>poetae</strong></span> <span class='ocrx_word' id='word_1_21' title='bbox 324 425 404 471; x_wconf 90' lang='lat' dir='ltr'><strong>sibi</strong></span> <span class='ocrx_word' id='word_1_22' title='bbox 448 424 686 482; x_wconf 82' lang='lat' dir='ltr'><strong>indulgenti</strong></span> <span class='ocrx_word' id='word_1_23' title='bbox 731 438 817 469; x_wconf 94' lang='lat' dir='ltr'><strong>non</strong></span> <span class='ocrx_word' id='word_1_24' title='bbox 862 424 1062 482; x_wconf 88' lang='lat' dir='ltr'><strong>populari</strong></span> <span class='ocrx_word' id='word_1_25' title='bbox 1100 425 1287 482; x_wconf 91' lang='lat' dir='ltr'><strong>opinioni</strong></span> <span class='ocrx_word' id='word_1_26' title='bbox 1325 426 1590 483; x_wconf 87' lang='lat' dir='ltr'><strong>assignanda</strong></span> 
     </span>
     <span class='ocr_line' id='line_1_5' title="bbox 122 496 1591 556; baseline -0.003 -7"><span class='ocrx_word' id='word_1_27' title='bbox 122 514 220 549; x_wconf 80' lang='lat' dir='ltr'><strong>esse</strong></span> <span class='ocrx_word' id='word_1_28' title='bbox 258 500 329 545; x_wconf 86' lang='lat' dir='ltr'><strong>vel</strong></span> <span class='ocrx_word' id='word_1_29' title='bbox 365 499 464 556; x_wconf 91' lang='lat' dir='ltr'><strong>ipsa</strong></span> <span class='ocrx_word' id='word_1_30' title='bbox 499 497 734 554; x_wconf 85' lang='lat' dir='ltr'><strong>imaginum</strong></span> <span class='ocrx_word' id='word_1_31' title='bbox 771 497 960 542; x_wconf 87' lang='lat' dir='ltr'><strong>varietas</strong></span> <span class='ocrx_word' id='word_1_32' title='bbox 997 496 1197 541; x_wconf 84' lang='lat' dir='ltr'><strong>ostendit.</strong></span> <span class='ocrx_word' id='word_1_33' title='bbox 1260 497 1404 550; x_wconf 81' lang='lat' dir='ltr'>Quare</span> <span class='ocrx_word' id='word_1_34' title='bbox 1439 500 1591 545; x_wconf 89' lang='lat' dir='ltr'><strong>mirum</strong></span> 
     </span>
     <span class='ocr_line' id='line_1_6' title="bbox 123 569 1590 632; baseline -0.003 -11"><span class='ocrx_word' id='word_1_35' title='bbox 123 589 209 621; x_wconf 90' lang='lat' dir='ltr'><strong>non</strong></span> <span class='ocrx_word' id='word_1_36' title='bbox 239 576 318 628; x_wconf 88' lang='lat' dir='ltr'><strong>est,</strong></span> <span class='ocrx_word' id='word_1_37' title='bbox 351 570 386 615; x_wconf 90' lang='lat' dir='ltr'><strong>si</strong></span> <span class='ocrx_word' id='word_1_38' title='bbox 418 570 632 614; x_wconf 88' lang='lat' dir='ltr'><strong>sententia</strong></span> <span class='ocrx_word' id='word_1_39' title='bbox 659 570 706 614; x_wconf 87' lang='lat' dir='ltr'><strong>in</strong></span> <span class='ocrx_word' id='word_1_40' title='bbox 725 569 981 632; x_wconf 83' lang='lat' dir='ltr'><strong>contraria-m</strong></span> <span class='ocrx_word' id='word_1_41' title='bbox 1014 582 1224 614; x_wconf 86' lang='lat' dir='ltr'><strong>conversa</strong></span> <span class='ocrx_word' id='word_1_42' title='bbox 1244 571 1459 616; x_wconf 82' lang='lat' dir='ltr'><strong>nonnullis</strong></span> <span class='ocrx_word' id='word_1_43' title='bbox 1489 572 1590 617; x_wconf 87' lang='lat' dir='ltr'><strong>viris</strong></span> 
     </span>
     <span class='ocr_line' id='line_1_7' title="bbox 124 640 1591 702; baseline -0.002 -10"><span class='ocrx_word' id='word_1_44' title='bbox 124 645 260 693; x_wconf 89' lang='lat' dir='ltr'><strong>doctis</strong></span> <span class='ocrx_word' id='word_1_45' title='bbox 306 642 490 702; x_wconf 89' lang='lat' dir='ltr'><strong>probata</strong></span> <span class='ocrx_word' id='word_1_46' title='bbox 535 646 613 699; x_wconf 87' lang='lat' dir='ltr'><strong>est,</strong></span> <span class='ocrx_word' id='word_1_47' title='bbox 661 655 747 698; x_wconf 88' lang='lat' dir='ltr'><strong>qua</strong></span> <span class='ocrx_word' id='word_1_48' title='bbox 798 640 876 685; x_wconf 87' lang='lat' dir='ltr'><strong>fati</strong></span> <span class='ocrx_word' id='word_1_49' title='bbox 931 641 1084 686; x_wconf 91' lang='lat' dir='ltr'><strong>eadem</strong></span> <span class='ocrx_word' id='word_1_50' title='bbox 1138 655 1236 686; x_wconf 88' lang='lat' dir='ltr'><strong>esse</strong></span> <span class='ocrx_word' id='word_1_51' title='bbox 1289 646 1418 699; x_wconf 88' lang='lat' dir='ltr'><strong>atque</strong></span> <span class='ocrx_word' id='word_1_52' title='bbox 1470 644 1591 689; x_wconf 86' lang='lat' dir='ltr'><strong>Jovis</strong></span> 
     </span>
     <span class='ocr_line' id='line_1_8' title="bbox 124 713 1589 773; baseline -0.001 -11"><span class='ocrx_word' id='word_1_53' title='bbox 124 719 298 762; x_wconf 88' lang='lat' dir='ltr'><strong>decreta</strong></span> <span class='ocrx_word' id='word_1_54' title='bbox 340 715 549 767; x_wconf 86' lang='lat' dir='ltr'><strong>dicuntur,</strong></span> <span class='ocrx_word' id='word_1_55' title='bbox 596 713 642 757; x_wconf 92' lang='lat' dir='ltr'><strong>id</strong></span> <span class='ocrx_word' id='word_1_56' title='bbox 692 713 808 770; x_wconf 92' lang='lat' dir='ltr'><strong>quod</strong></span> <span class='ocrx_word' id='word_1_57' title='bbox 859 726 911 757; x_wconf 94' lang='lat' dir='ltr'><strong>eo</strong></span> <span class='ocrx_word' id='word_1_58' title='bbox 960 714 1098 758; x_wconf 89' lang='lat' dir='ltr'><strong>minus</strong></span> <span class='ocrx_word' id='word_1_59' title='bbox 1150 713 1281 757; x_wconf 89' lang='lat' dir='ltr'><strong>habet</strong></span> <span class='ocrx_word' id='word_1_60' title='bbox 1331 714 1589 773; x_wconf 88' lang='lat' dir='ltr'><strong>offensionis,</strong></span> 
     </span>
     <span class='ocr_line' id='line_1_9' title="bbox 124 785 1590 846; baseline -0.001 -13"><span class='ocrx_word' id='word_1_61' title='bbox 124 788 346 846; x_wconf 81' lang='lat' dir='ltr'><strong>quominus</strong></span> <span class='ocrx_word' id='word_1_62' title='bbox 378 799 405 829; x_wconf 93' lang='lat' dir='ltr'><strong>a</strong></span> <span class='ocrx_word' id='word_1_63' title='bbox 426 789 582 829; x_wconf 89' lang='lat' dir='ltr'><strong>natura</strong></span> <span class='ocrx_word' id='word_1_64' title='bbox 602 785 794 834; x_wconf 81' lang='lat' dir='ltr'><strong>humana</strong></span> <span class='ocrx_word' id='word_1_65' title='bbox 813 785 999 829; x_wconf 89' lang='lat' dir='ltr'><strong>alienum</strong></span> <span class='ocrx_word' id='word_1_66' title='bbox 1023 789 1107 841; x_wconf 84' lang='lat' dir='ltr'><strong>est3</strong></span> <span class='ocrx_word' id='word_1_67' title='bbox 1161 798 1262 828; x_wconf 92' lang='lat' dir='ltr'><strong>nam</strong></span> <span class='ocrx_word' id='word_1_68' title='bbox 1284 791 1430 830; x_wconf 88' lang='lat' dir='ltr'><strong>nostro</strong></span> <span class='ocrx_word' id='word_1_69' title='bbox 1463 787 1590 831; x_wconf 88' lang='lat' dir='ltr'><strong>etiam</strong></span> 
     </span>
     <span class='ocr_line' id='line_1_10' title="bbox 123 856 1590 917; baseline -0.001 -12"><span class='ocrx_word' id='word_1_70' title='bbox 123 866 328 917; x_wconf 88' lang='lat' dir='ltr'><strong>tempore,</strong></span> <span class='ocrx_word' id='word_1_71' title='bbox 369 856 565 913; x_wconf 85' lang='lat' dir='ltr'><strong>quamvis</strong></span> <span class='ocrx_word' id='word_1_72' title='bbox 596 856 837 901; x_wconf 90' lang='lat' dir='ltr'><strong>christianis</strong></span> <span class='ocrx_word' id='word_1_73' title='bbox 870 857 1084 914; x_wconf 81' lang='lat' dir='ltr'><strong>mysteriis</strong></span> <span class='ocrx_word' id='word_1_74' title='bbox 1117 856 1270 900; x_wconf 88' lang='lat' dir='ltr'><strong>initiati</strong></span> <span class='ocrx_word' id='word_1_75' title='bbox 1300 857 1427 901; x_wconf 89' lang='lat' dir='ltr'><strong>deum</strong></span> <span class='ocrx_word' id='word_1_76' title='bbox 1459 859 1590 903; x_wconf 92' lang='lat' dir='ltr'><strong>omni-</strong></span> 
     </span>
     <span class='ocr_line' id='line_1_11' title="bbox 125 927 1591 990; baseline -0.001 -14"><span class='ocrx_word' id='word_1_77' title='bbox 125 934 342 990; x_wconf 88' lang='lat' dir='ltr'><strong>potentem</strong></span> <span class='ocrx_word' id='word_1_78' title='bbox 373 942 459 972; x_wconf 90' lang='lat' dir='ltr'><strong>non</strong></span> <span class='ocrx_word' id='word_1_79' title='bbox 489 927 617 972; x_wconf 92' lang='lat' dir='ltr'><strong>modo</strong></span> <span class='ocrx_word' id='word_1_80' title='bbox 649 928 794 973; x_wconf 89' lang='lat' dir='ltr'><strong>orbem</strong></span> <span class='ocrx_word' id='word_1_81' title='bbox 825 933 1032 972; x_wconf 88' lang='lat' dir='ltr'><strong>terrarum</strong></span> <span class='ocrx_word' id='word_1_82' title='bbox 1060 927 1139 972; x_wconf 91' lang='lat' dir='ltr'><strong>sed</strong></span> <span class='ocrx_word' id='word_1_83' title='bbox 1161 928 1288 972; x_wconf 85' lang='lat' dir='ltr'><strong>etiam</strong></span> <span class='ocrx_word' id='word_1_84' title='bbox 1309 929 1591 974; x_wconf 88' lang='lat' dir='ltr'><strong>minutissima</strong></span> 
     </span>
     <span class='ocr_line' id='line_1_12' title="bbox 126 999 1593 1059; baseline 0 -13"><span class='ocrx_word' id='word_1_85' title='bbox 126 1013 334 1059; x_wconf 89' lang='lat' dir='ltr'><strong>quaeque,</strong></span> <span class='ocrx_word' id='word_1_86' title='bbox 368 1013 480 1056; x_wconf 88' lang='lat' dir='ltr'><strong>quae</strong></span> <span class='ocrx_word' id='word_1_87' title='bbox 512 999 712 1044; x_wconf 88' lang='lat' dir='ltr'><strong>accidant</strong></span> <span class='ocrx_word' id='word_1_88' title='bbox 734 999 987 1056; x_wconf 89' lang='lat' dir='ltr'><strong>hominibus,</strong></span> <span class='ocrx_word' id='word_1_89' title='bbox 1020 1013 1171 1056; x_wconf 88' lang='lat' dir='ltr'><strong>regere</strong></span> <span class='ocrx_word' id='word_1_90' title='bbox 1200 1000 1342 1045; x_wconf 82' lang='lat' dir='ltr'><strong>edocti</strong></span> <span class='ocrx_word' id='word_1_91' title='bbox 1372 1001 1517 1056; x_wconf 91' lang='lat' dir='ltr'><strong>simus,</strong></span> <span class='ocrx_word' id='word_1_92' title='bbox 1548 1002 1593 1046; x_wconf 93' lang='lat' dir='ltr'><strong>in</strong></span> 
     </span>
     <span class='ocr_line' id='line_1_13' title="bbox 126 1071 1592 1129; baseline -0.001 -11"><span class='ocrx_word' id='word_1_93' title='bbox 126 1073 311 1119; x_wconf 89' lang='lat' dir='ltr'><strong>omnium</strong></span> <span class='ocrx_word' id='word_1_94' title='bbox 356 1085 430 1116; x_wconf 88' lang='lat' dir='ltr'><strong>ore</strong></span> <span class='ocrx_word' id='word_1_95' title='bbox 475 1076 541 1116; x_wconf 91' lang='lat' dir='ltr'><strong>est</strong></span> <span class='ocrx_word' id='word_1_96' title='bbox 599 1072 676 1116; x_wconf 89' lang='lat' dir='ltr'><strong>illa</strong></span> <span class='ocrx_word' id='word_1_97' title='bbox 726 1071 896 1116; x_wconf 90' lang='lat' dir='ltr'><strong>dicendi</strong></span> <span class='ocrx_word' id='word_1_98' title='bbox 941 1072 1063 1129; x_wconf 91' lang='lat' dir='ltr'><strong>ratio,</strong></span> <span class='ocrx_word' id='word_1_99' title='bbox 1112 1086 1199 1129; x_wconf 90' lang='lat' dir='ltr'><strong>qua</strong></span> <span class='ocrx_word' id='word_1_100' title='bbox 1245 1086 1372 1117; x_wconf 88' lang='lat' dir='ltr'><strong>casus</strong></span> <span class='ocrx_word' id='word_1_101' title='bbox 1418 1073 1592 1129; x_wconf 88' lang='lat' dir='ltr'><strong>quidam</strong></span> 
     </span>
     <span class='ocr_line' id='line_1_14' title="bbox 125 1144 1592 1203; baseline -0.001 -11"><span class='ocrx_word' id='word_1_102' title='bbox 125 1147 321 1192; x_wconf 80' lang='lat' dir='ltr'><strong>fortunae</strong></span> <span class='ocrx_word' id='word_1_103' title='bbox 341 1159 428 1190; x_wconf 90' lang='lat' dir='ltr'><strong>non</strong></span> <span class='ocrx_word' id='word_1_104' title='bbox 449 1149 538 1190; x_wconf 88' lang='lat' dir='ltr'><strong>tam</strong></span> <span class='ocrx_word' id='word_1_105' title='bbox 560 1144 619 1189; x_wconf 86' lang='lat' dir='ltr'><strong>ad</strong></span> <span class='ocrx_word' id='word_1_106' title='bbox 649 1144 778 1189; x_wconf 90' lang='lat' dir='ltr'><strong>deum</strong></span> <span class='ocrx_word' id='word_1_107' title='bbox 808 1144 948 1202; x_wconf 89' lang='lat' dir='ltr'><strong>ipsum</strong></span> <span class='ocrx_word' id='word_1_108' title='bbox 979 1158 1108 1201; x_wconf 88' lang='lat' dir='ltr'><strong>quam</strong></span> <span class='ocrx_word' id='word_1_109' title='bbox 1131 1144 1189 1189; x_wconf 90' lang='lat' dir='ltr'><strong>ad</strong></span> <span class='ocrx_word' id='word_1_110' title='bbox 1216 1145 1351 1190; x_wconf 89' lang='lat' dir='ltr'><strong>fatum</strong></span> <span class='ocrx_word' id='word_1_111' title='bbox 1373 1145 1592 1203; x_wconf 83' lang='lat' dir='ltr'><strong>quoddam</strong></span> 
     </span>
     <span class='ocr_line' id='line_1_15' title="bbox 126 1218 426 1263; baseline -0.003 0"><span class='ocrx_word' id='word_1_112' title='bbox 126 1218 273 1263; x_wconf 87' lang='lat' dir='ltr'><strong>referri</strong></span> <span class='ocrx_word' id='word_1_113' title='bbox 304 1218 426 1263; x_wconf 87' lang='lat' dir='ltr'><strong>solet.</strong></span> 
     </span>
    </p>
   </div>
   <div class='ocr_carea' id='block_1_3' title="bbox 124 1293 1592 2624">
    <p class='ocr_par' dir='ltr' id='par_1_3' title="bbox 124 1293 1592 2083">
     <span class='ocr_line' id='line_1_16' title="bbox 246 1293 1591 1359; baseline 0.001 -14"><span class='ocrx_word' id='word_1_114' title='bbox 246 1293 340 1354; x_wconf 85' lang='lat' dir='ltr'><strong>Quo</strong></span> <span class='ocrx_word' id='word_1_115' title='bbox 384 1302 511 1358; x_wconf 86' lang='lat' dir='ltr'><strong>igitur</strong></span> <span class='ocrx_word' id='word_1_116' title='bbox 549 1301 648 1359; x_wconf 77' lang='lat' dir='ltr'><strong>Jure</strong></span> <span class='ocrx_word' id='word_1_117' title='bbox 694 1301 829 1345; x_wconf 82' lang='lat' dir='ltr'><strong>fatum</strong></span> <span class='ocrx_word' id='word_1_118' title='bbox 874 1300 987 1345; x_wconf 90' lang='lat' dir='ltr'><strong>idem</strong></span> <span class='ocrx_word' id='word_1_119' title='bbox 1040 1305 1169 1358; x_wconf 90' lang='lat' dir='ltr'><strong>atque</strong></span> <span class='ocrx_word' id='word_1_120' title='bbox 1207 1298 1327 1347; x_wconf 85' lang='lat' dir='ltr'><strong>Jovis</strong></span> <span class='ocrx_word' id='word_1_121' title='bbox 1373 1302 1591 1347; x_wconf 87' lang='lat' dir='ltr'><strong>decretum</strong></span> 
     </span>
     <span class='ocr_line' id='line_1_17' title="bbox 126 1362 1589 1431; baseline 0.001 -13"><span class='ocrx_word' id='word_1_122' title='bbox 126 1372 369 1431; x_wconf 89' lang='lat' dir='ltr'><strong>significare</strong></span> <span class='ocrx_word' id='word_1_123' title='bbox 416 1362 691 1430; x_wconf 82' lang='lat' dir='ltr'><strong>contendant,</strong></span> <span class='ocrx_word' id='word_1_124' title='bbox 734 1373 828 1431; x_wconf 87' lang='lat' dir='ltr'><strong>jam</strong></span> <span class='ocrx_word' id='word_1_125' title='bbox 873 1373 1064 1430; x_wconf 90' lang='lat' dir='ltr'><strong>pluribus</strong></span> <span class='ocrx_word' id='word_1_126' title='bbox 1103 1374 1312 1431; x_wconf 82' lang='lat' dir='ltr'><strong>exemplis</strong></span> <span class='ocrx_word' id='word_1_127' title='bbox 1349 1374 1589 1420; x_wconf 91' lang='lat' dir='ltr'><strong>docendum</strong></span> 
     </span>
     <span class='ocr_line' id='line_1_18' title="bbox 125 1445 1591 1503; baseline 0.001 -14"><span class='ocrx_word' id='word_1_128' title='bbox 125 1450 203 1489; x_wconf 88' lang='lat' dir='ltr'><strong>est.</strong></span> <span class='ocrx_word' id='word_1_129' title='bbox 239 1445 400 1503; x_wconf 80' lang='lat' dir='ltr'><strong>-Oujus</strong></span> <span class='ocrx_word' id='word_1_130' title='bbox 439 1446 678 1490; x_wconf 89' lang='lat' dir='ltr'><strong>sententiae</strong></span> <span class='ocrx_word' id='word_1_131' title='bbox 724 1448 977 1501; x_wconf 83' lang='lat' dir='ltr'><strong>argumenta</strong></span> <span class='ocrx_word' id='word_1_132' title='bbox 1021 1445 1065 1488; x_wconf 94' lang='lat' dir='ltr'><strong>in</strong></span> <span class='ocrx_word' id='word_1_133' title='bbox 1107 1459 1158 1489; x_wconf 93' lang='lat' dir='ltr'><strong>eo</strong></span> <span class='ocrx_word' id='word_1_134' title='bbox 1196 1450 1435 1503; x_wconf 89' lang='lat' dir='ltr'><strong>cernuntur,</strong></span> <span class='ocrx_word' id='word_1_135' title='bbox 1475 1447 1591 1502; x_wconf 88' lang='lat' dir='ltr'><strong>quod</strong></span> 
     </span>
     <span class='ocr_line' id='line_1_19' title="bbox 124 1516 1590 1576; baseline 0.003 -16"><span class='ocrx_word' id='word_1_136' title='bbox 124 1516 268 1561; x_wconf 89' lang='lat' dir='ltr'><strong>multis</strong></span> <span class='ocrx_word' id='word_1_137' title='bbox 298 1517 405 1563; x_wconf 92' lang='lat' dir='ltr'><strong>locis</strong></span> <span class='ocrx_word' id='word_1_138' title='bbox 436 1530 545 1574; x_wconf 90' lang='lat' dir='ltr'><strong>quas</strong></span> <span class='ocrx_word' id='word_1_139' title='bbox 576 1530 646 1562; x_wconf 91' lang='lat' dir='ltr'><strong>res</strong></span> <span class='ocrx_word' id='word_1_140' title='bbox 675 1522 809 1576; x_wconf 86' lang='grc' dir='ltr'><strong><em>μοῖρα</em></strong></span> <span class='ocrx_word' id='word_1_141' title='bbox 830 1516 1029 1574; x_wconf 80' lang='lat' dir='ltr'><strong>perfecit,</strong></span> <span class='ocrx_word' id='word_1_142' title='bbox 1071 1516 1247 1561; x_wconf 88' lang='lat' dir='ltr'><strong>easdem·</strong></span> <span class='ocrx_word' id='word_1_143' title='bbox 1284 1518 1338 1562; x_wconf 88' lang='lat' dir='ltr'><strong>ab</strong></span> <span class='ocrx_word' id='word_1_144' title='bbox 1370 1519 1465 1576; x_wconf 91' lang='lat' dir='ltr'><strong>ipso</strong></span> <span class='ocrx_word' id='word_1_145' title='bbox 1480 1519 1590 1564; x_wconf 85' lang='lat' dir='ltr'><strong>Jove</strong></span> 
     </span>
     <span class='ocr_line' id='line_1_20' title="bbox 125 1588 1591 1647; baseline 0.002 -14"><span class='ocrx_word' id='word_1_146' title='bbox 125 1588 196 1633; x_wconf 87' lang='lat' dir='ltr'><strong>vel</strong></span> <span class='ocrx_word' id='word_1_147' title='bbox 227 1589 281 1633; x_wconf 90' lang='lat' dir='ltr'><strong>ab</strong></span> <span class='ocrx_word' id='word_1_148' title='bbox 314 1590 409 1635; x_wconf 88' lang='lat' dir='ltr'><strong>aliis</strong></span> <span class='ocrx_word' id='word_1_149' title='bbox 431 1589 513 1635; x_wconf 91' lang='lat' dir='ltr'><strong>diis</strong></span> <span class='ocrx_word' id='word_1_150' title='bbox 533 1594 735 1647; x_wconf 88' lang='lat' dir='ltr'><strong>peractas</strong></span> <span class='ocrx_word' id='word_1_151' title='bbox 766 1602 863 1634; x_wconf 92' lang='lat' dir='ltr'><strong>esse</strong></span> <span class='ocrx_word' id='word_1_152' title='bbox 894 1589 1070 1647; x_wconf 87' lang='lat' dir='ltr'><strong>exponit</strong></span> <span class='ocrx_word' id='word_1_153' title='bbox 1088 1589 1313 1635; x_wconf 85' lang='lat' dir='ltr'><strong>Homerus.</strong></span> <span class='ocrx_word' id='word_1_154' title='bbox 1362 1590 1591 1636; x_wconf 84' lang='lat' dir='ltr'><strong>Hectorem</strong></span> 
     </span>
     <span class='ocr_line' id='line_1_21' title="bbox 125 1662 1590 1720; baseline 0.001 -14"><span class='ocrx_word' id='word_1_155' title='bbox 125 1674 254 1717; x_wconf 89' lang='lat' dir='ltr'><strong>quum</strong></span> <span class='ocrx_word' id='word_1_156' title='bbox 293 1663 423 1708; x_wconf 87' lang='lat' dir='ltr'><strong>ceteri</strong></span> <span class='ocrx_word' id='word_1_157' title='bbox 453 1662 630 1720; x_wconf 85' lang='lat' dir='ltr'><strong>Trojani</strong></span> <span class='ocrx_word' id='word_1_158' title='bbox 667 1662 863 1720; x_wconf 89' lang='lat' dir='ltr'><strong>oppressi</strong></span> <span class='ocrx_word' id='word_1_159' title='bbox 892 1662 937 1706; x_wconf 91' lang='lat' dir='ltr'><strong>in</strong></span> <span class='ocrx_word' id='word_1_160' title='bbox 978 1662 1126 1706; x_wconf 89' lang='lat' dir='ltr'><strong>urbem</strong></span> <span class='ocrx_word' id='word_1_161' title='bbox 1156 1662 1412 1720; x_wconf 84' lang='lat' dir='ltr'><strong>refugerent,</strong></span> <span class='ocrx_word' id='word_1_162' title='bbox 1452 1665 1590 1708; x_wconf 90' lang='lat' dir='ltr'><strong>solum</strong></span> 
     </span>
     <span class='ocr_line' id='line_1_22' title="bbox 125 1732 1592 1793; baseline 0.003 -17"><span class='ocrx_word' id='word_1_163' title='bbox 125 1732 215 1778; x_wconf 87' lang='lat' dir='ltr'><strong>fato</strong></span> <span class='ocrx_word' id='word_1_164' title='bbox 246 1733 407 1778; x_wconf 85' lang='lat' dir='ltr'><strong>exitiali</strong></span> <span class='ocrx_word' id='word_1_165' title='bbox 441 1738 651 1778; x_wconf 91' lang='lat' dir='ltr'><strong>retentum</strong></span> <span class='ocrx_word' id='word_1_166' title='bbox 678 1747 775 1779; x_wconf 88' lang='lat' dir='ltr'><strong>esse</strong></span> <span class='ocrx_word' id='word_1_167' title='bbox 804 1733 929 1778; x_wconf 90' lang='lat' dir='ltr'><strong>docet</strong></span> <span class='ocrx_word' id='word_1_168' title='bbox 946 1732 1015 1792; x_wconf 86' lang='grc' dir='ltr'>(ΙΙ.</span> <span class='ocrx_word' id='word_1_169' title='bbox 1047 1749 1088 1787; x_wconf 91' lang='grc' dir='ltr'><strong>χ,</strong></span> <span class='ocrx_word' id='word_1_170' title='bbox 1121 1733 1169 1793; x_wconf 88' lang='lat'><strong>5)</strong></span> <span class='ocrx_word' id='word_1_171' title='bbox 1199 1733 1314 1778; x_wconf 92' lang='lat' dir='ltr'><strong>idem</strong></span> <span class='ocrx_word' id='word_1_172' title='bbox 1344 1739 1488 1793; x_wconf 81' lang='lat' dir='ltr'><strong>poeta,</strong></span> <span class='ocrx_word' id='word_1_173' title='bbox 1520 1737 1592 1793; x_wconf 91' lang='lat' dir='ltr'><strong>qui</strong></span> 
     </span>
     <span class='ocr_line' id='line_1_23' title="bbox 125 1805 1591 1865; baseline 0.002 -16"><span class='ocrx_word' id='word_1_174' title='bbox 125 1805 211 1849; x_wconf 92' lang='lat' dir='ltr'><strong>alio</strong></span> <span class='ocrx_word' id='word_1_175' title='bbox 243 1807 338 1850; x_wconf 89' lang='lat' dir='ltr'><strong>loco</strong></span> <span class='ocrx_word' id='word_1_176' title='bbox 370 1805 438 1865; x_wconf 90' lang='lat' dir='ltr'><strong>(Il.</strong></span> <span class='ocrx_word' id='word_1_177' title='bbox 471 1822 507 1859; x_wconf 83' lang='grc' dir='ltr'><strong>ε,</strong></span> <span class='ocrx_word' id='word_1_178' title='bbox 540 1805 649 1865; x_wconf 84' lang='grc'>297)</span> <span class='ocrx_word' id='word_1_179' title='bbox 679 1806 819 1864; x_wconf 90' lang='lat' dir='ltr'><strong>ipsum</strong></span> <span class='ocrx_word' id='word_1_180' title='bbox 835 1807 1063 1850; x_wconf 91' lang='lat' dir='ltr'><strong>Hectorem</strong></span> <span class='ocrx_word' id='word_1_181' title='bbox 1096 1819 1124 1849; x_wconf 87' lang='lat' dir='ltr'><strong>a</strong></span> <span class='ocrx_word' id='word_1_182' title='bbox 1138 1806 1334 1851; x_wconf 88' lang='lat' dir='ltr'><strong>Minerva</strong></span> <span class='ocrx_word' id='word_1_183' title='bbox 1364 1806 1591 1865; x_wconf 89' lang='lat' dir='ltr'><strong>deceptum</strong></span> 
     </span>
     <span class='ocr_line' id='line_1_24' title="bbox 125 1875 1591 1936; baseline 0.004 -17"><span class='ocrx_word' id='word_1_184' title='bbox 125 1875 248 1934; x_wconf 91' lang='lat' dir='ltr'><strong>fingit</strong></span> <span class='ocrx_word' id='word_1_185' title='bbox 283 1882 544 1935; x_wconf 88' lang='lat' dir='ltr'><strong>querentem,</strong></span> <span class='ocrx_word' id='word_1_186' title='bbox 581 1890 629 1923; x_wconf 93' lang='lat' dir='ltr'><strong>se</strong></span> <span class='ocrx_word' id='word_1_187' title='bbox 668 1891 696 1921; x_wconf 87' lang='lat' dir='ltr'><strong>a</strong></span> <span class='ocrx_word' id='word_1_188' title='bbox 733 1877 815 1923; x_wconf 93' lang='lat' dir='ltr'><strong>diis</strong></span> <span class='ocrx_word' id='word_1_189' title='bbox 853 1877 912 1922; x_wconf 86' lang='lat' dir='ltr'><strong>ad</strong></span> <span class='ocrx_word' id='word_1_190' title='bbox 948 1881 1127 1922; x_wconf 91' lang='lat' dir='ltr'><strong>mortem</strong></span> <span class='ocrx_word' id='word_1_191' title='bbox 1164 1877 1456 1936; x_wconf 88' lang='lat' dir='ltr'><strong>appetendam</strong></span> <span class='ocrx_word' id='word_1_192' title='bbox 1494 1892 1591 1925; x_wconf 90' lang='lat' dir='ltr'><strong>esse</strong></span> 
     </span>
     <span class='ocr_line' id='line_1_25' title="bbox 124 1950 1591 2008; baseline 0.001 -14"><span class='ocrx_word' id='word_1_193' title='bbox 124 1954 338 1995; x_wconf 82' lang='lat' dir='ltr'><strong>vocatum.</strong></span> <span class='ocrx_word' id='word_1_194' title='bbox 378 1952 434 1995; x_wconf 90' lang='lat' dir='ltr'><strong>Et</strong></span> <span class='ocrx_word' id='word_1_195' title='bbox 440 1952 664 1995; x_wconf 84' lang='lat' dir='ltr'><strong>Patroclus</strong></span> <span class='ocrx_word' id='word_1_196' title='bbox 672 1950 947 1996; x_wconf 89' lang='lat' dir='ltr'><strong>moribundus</strong></span> <span class='ocrx_word' id='word_1_197' title='bbox 956 1963 1213 2007; x_wconf 86' lang='lat' dir='ltr'><strong>quamquam</strong></span> <span class='ocrx_word' id='word_1_198' title='bbox 1223 1951 1397 1995; x_wconf 89' lang='lat' dir='ltr'><strong>Hectori</strong></span> <span class='ocrx_word' id='word_1_199' title='bbox 1410 1952 1591 2008; x_wconf 89' lang='lat' dir='ltr'><strong>primum</strong></span> 
     </span>
     <span class='ocr_line' id='line_1_26' title="bbox 126 2020 774 2083; baseline 0.003 -18"><span class='ocrx_word' id='word_1_200' title='bbox 126 2020 297 2077; x_wconf 89' lang='lat' dir='ltr'><strong>quidem</strong></span> <span class='ocrx_word' id='word_1_201' title='bbox 329 2021 450 2069; x_wconf 90' lang='lat' dir='ltr'><strong>dicit:</strong></span> <span class='ocrx_word' id='word_1_202' title='bbox 498 2022 567 2083; x_wconf 90' lang='lat'>(11.</span> <span class='ocrx_word' id='word_1_203' title='bbox 599 2025 647 2078; x_wconf 82' lang='grc' dir='ltr'><strong>π,</strong></span> <span class='ocrx_word' id='word_1_204' title='bbox 680 2022 774 2082; x_wconf 88' lang='grc'>84.)</span> 
     </span>
    </p>

    <p class='ocr_par' dir='ltr' id='par_1_4' title="bbox 125 2106 1508 2384">
     <span class='ocr_line' id='line_1_27' title="bbox 278 2106 716 2167; baseline 0.005 -16"><span class='ocrx_word' id='word_1_205' title='bbox 278 2141 288 2151; x_wconf 94' lang='grc'><strong>.</strong></span> <span class='ocrx_word' id='word_1_206' title='bbox 323 2141 332 2151; x_wconf 94' lang='grc'><strong>.</strong></span> <span class='ocrx_word' id='word_1_207' title='bbox 366 2106 437 2152; x_wconf 81' lang='grc' dir='ltr'><strong>σοὶ</strong></span> <span class='ocrx_word' id='word_1_208' title='bbox 467 2108 548 2167; x_wconf 69' lang='grc' dir='ltr'><strong>γάρ</strong></span> <span class='ocrx_word' id='word_1_209' title='bbox 581 2109 716 2153; x_wconf 79' lang='grc' dir='ltr'><em>ἔδωκε</em></span> 
     </span>
     <span class='ocr_line' id='line_1_28' title="bbox 184 2177 1508 2241; baseline 0.002 -17"><span class='ocrx_word' id='word_1_210' title='bbox 184 2183 312 2241; x_wconf 82' lang='grc' dir='ltr'><em>νίκην</em></span> <span class='ocrx_word' id='word_1_211' title='bbox 345 2181 456 2233; x_wconf 76' lang='grc' dir='ltr'><strong>Ζεύς</strong></span> <span class='ocrx_word' id='word_1_212' title='bbox 487 2183 702 2241; x_wconf 83' lang='grc' dir='ltr'><strong><em>Κρονίδης</em></strong></span> <span class='ocrx_word' id='word_1_213' title='bbox 731 2180 805 2225; x_wconf 85' lang='grc' dir='ltr'><strong>καὶ</strong></span> <span class='ocrx_word' id='word_1_214' title='bbox 835 2179 1077 2234; x_wconf 79' lang='grc' dir='ltr'><strong><em>Ἀπόλλων,</em></strong></span> <span class='ocrx_word' id='word_1_215' title='bbox 1110 2182 1160 2223; x_wconf 75' lang='grc' dir='ltr'><strong>οἵ</strong></span> <span class='ocrx_word' id='word_1_216' title='bbox 1184 2177 1229 2236; x_wconf 78' lang='grc' dir='ltr'><strong>μ’</strong></span> <span class='ocrx_word' id='word_1_217' title='bbox 1259 2179 1508 2236; x_wconf 78' lang='grc' dir='ltr'><strong><em>ἐδάμασσαν</em></strong></span> 
     </span>
     <span class='ocr_line' id='line_1_29' title="bbox 186 2251 361 2314; baseline -0.006 -16"><span class='ocrx_word' id='word_1_218' title='bbox 186 2251 361 2314; x_wconf 81' lang='grc' dir='ltr'><em>ῥηϊδίως</em></span> 
     </span>
     <span class='ocr_line' id='line_1_30' title="bbox 125 2324 1139 2384; baseline 0 -16"><span class='ocrx_word' id='word_1_219' title='bbox 125 2328 271 2370; x_wconf 86' lang='lat' dir='ltr'><strong>tamen</strong></span> <span class='ocrx_word' id='word_1_220' title='bbox 300 2326 515 2372; x_wconf 88' lang='lat' dir='ltr'><strong>nonnullis</strong></span> <span class='ocrx_word' id='word_1_221' title='bbox 545 2326 687 2372; x_wconf 90' lang='lat' dir='ltr'><strong>verbis</strong></span> <span class='ocrx_word' id='word_1_222' title='bbox 716 2325 949 2384; x_wconf 86' lang='lat' dir='ltr'><strong>interjectis</strong></span> <span class='ocrx_word' id='word_1_223' title='bbox 980 2324 1139 2383; x_wconf 91' lang='lat' dir='ltr'><strong>pergit:</strong></span> 
     </span>
    </p>

    <p class='ocr_par' dir='ltr' id='par_1_5' title="bbox 124 2407 1586 2624">
     <span class='ocr_line' id='line_1_31' title="bbox 269 2407 1425 2470; baseline -0.005 -14"><span class='ocrx_word' id='word_1_224' title='bbox 269 2409 387 2456; x_wconf 80' lang='grc' dir='ltr'><em>α’λλά</em></span> <span class='ocrx_word' id='word_1_225' title='bbox 414 2426 471 2467; x_wconf 88' lang='grc' dir='ltr'><strong>με</strong></span> <span class='ocrx_word' id='word_1_226' title='bbox 504 2409 642 2469; x_wconf 81' lang='grc' dir='ltr'><strong><em>Μοῖρ’</em></strong></span> <span class='ocrx_word' id='word_1_227' title='bbox 671 2409 781 2470; x_wconf 74' lang='grc' dir='ltr'><strong>ὀλοή</strong></span> <span class='ocrx_word' id='word_1_228' title='bbox 809 2409 884 2454; x_wconf 81' lang='grc' dir='ltr'><strong>καὶ</strong></span> <span class='ocrx_word' id='word_1_229' title='bbox 916 2409 1095 2469; x_wconf 83' lang='grc' dir='ltr'><strong><em>Λητοῦς</em></strong></span> <span class='ocrx_word' id='word_1_230' title='bbox 1125 2409 1303 2451; x_wconf 81' lang='grc' dir='ltr'><strong><em>ἔκτανεν</em></strong></span> <span class='ocrx_word' id='word_1_231' title='bbox 1334 2407 1425 2458; x_wconf 83' lang='grc' dir='ltr'>υἱός</span> 
     </span>
     <span class='ocr_line' id='line_1_32' title="bbox 126 2490 1586 2549; baseline -0.001 -12"><span class='ocrx_word' id='word_1_232' title='bbox 126 2505 238 2549; x_wconf 85' lang='lat' dir='ltr'><strong>quae</strong></span> <span class='ocrx_word' id='word_1_233' title='bbox 267 2496 402 2541; x_wconf 86' lang='lat' dir='ltr'><strong>verba</strong></span> <span class='ocrx_word' id='word_1_234' title='bbox 432 2494 616 2541; x_wconf 89' lang='lat' dir='ltr'><strong>eandem</strong></span> <span class='ocrx_word' id='word_1_235' title='bbox 637 2507 727 2539; x_wconf 91' lang='lat' dir='ltr'><strong>rem</strong></span> <span class='ocrx_word' id='word_1_236' title='bbox 754 2493 881 2539; x_wconf 92' lang='lat' dir='ltr'><strong>modo</strong></span> <span class='ocrx_word' id='word_1_237' title='bbox 897 2493 998 2539; x_wconf 86' lang='lat' dir='ltr'><strong>Jovi</strong></span> <span class='ocrx_word' id='word_1_238' title='bbox 1025 2492 1205 2548; x_wconf 88' lang='lat' dir='ltr'><strong>aliisque</strong></span> <span class='ocrx_word' id='word_1_239' title='bbox 1226 2490 1307 2536; x_wconf 89' lang='lat' dir='ltr'><strong>diis</strong></span> <span class='ocrx_word' id='word_1_240' title='bbox 1336 2490 1464 2535; x_wconf 90' lang='lat' dir='ltr'><strong>modo</strong></span> <span class='ocrx_word' id='word_1_241' title='bbox 1495 2490 1586 2535; x_wconf 87' lang='lat' dir='ltr'><strong>fato</strong></span> 
     </span>
     <span class='ocr_line' id='line_1_33' title="bbox 124 2564 781 2624; baseline 0.003 -15"><span class='ocrx_word' id='word_1_242' title='bbox 124 2564 209 2624; x_wconf 88' lang='lat' dir='ltr'><strong>ipsi</strong></span> <span class='ocrx_word' id='word_1_243' title='bbox 238 2568 484 2615; x_wconf 84' lang='lat' dir='ltr'><strong>attributam</strong></span> <span class='ocrx_word' id='word_1_244' title='bbox 514 2580 611 2613; x_wconf 87' lang='lat' dir='ltr'><strong>esse</strong></span> <span class='ocrx_word' id='word_1_245' title='bbox 642 2565 781 2613; x_wconf 89' lang='lat' dir='ltr'><strong>docet.</strong></span> 
     </span>
    </p>
   </div>
   <div class='ocr_carea' id='block_1_4' title="bbox 127 2647 1305 2799">
    <p class='ocr_par' dir='ltr' id='par_1_6' title="bbox 127 2647 1305 2799">
     <span class='ocr_line' id='line_1_34' title="bbox 245 2647 1305 2713; baseline -0.005 -17"><span class='ocrx_word' id='word_1_246' title='bbox 245 2653 303 2697; x_wconf 90' lang='lat' dir='ltr'><strong>Et</strong></span> <span class='ocrx_word' id='word_1_247' title='bbox 331 2654 581 2713; x_wconf 82' lang='lat' dir='ltr'><strong>Lycaonem</strong></span> <span class='ocrx_word' id='word_1_248' title='bbox 609 2652 819 2697; x_wconf 88' lang='lat' dir='ltr'><strong>Homerus</strong></span> <span class='ocrx_word' id='word_1_249' title='bbox 850 2650 912 2695; x_wconf 90' lang='lat' dir='ltr'><strong>ita</strong></span> <span class='ocrx_word' id='word_1_250' title='bbox 941 2648 1154 2693; x_wconf 86' lang='lat' dir='ltr'><strong>dicentem</strong></span> <span class='ocrx_word' id='word_1_251' title='bbox 1184 2647 1305 2692; x_wconf 85' lang='lat' dir='ltr'><strong>facit:</strong></span> 
     </span>
     <span class='ocr_line' id='line_1_35' title="bbox 127 2732 408 2799; baseline -0.004 -21"><span class='ocrx_word' id='word_1_252' title='bbox 127 2732 195 2792; x_wconf 86' lang='lat'><em>(11.</em></span> <span class='ocrx_word' id='word_1_253' title='bbox 229 2752 277 2795; x_wconf 81' lang='grc' dir='ltr'><strong>φ,</strong></span> <span class='ocrx_word' id='word_1_254' title='bbox 309 2738 408 2799; x_wconf 77' lang='lat'>82.)</span> 
     </span>
    </p>
   </div>
  </div>
 </body>
</html>
