1804 3088
892 206 956 250 30

212 410 235 457 f
185 342 348 458 μοῖρῖι
358 349 564 456 pmp2rg2
579 338 752 383 notione
794 343 965 398 partem
1010 343 1080 386 vel
1119 343 1357 400 portionem
1396 343 1657 431 siguifioant3

187 424 212 461 e
231 423 252 455 r
381 427 421 464 x,
1569 431 1574 439 ‘

282 515 474 527 .....
507 483 770 543 παρῴχηκεν
801 485 851 529 δὲ
881 486 1028 530 πλέων
1058 486 1142 539 νύξ

281 554 369 602 τῶν
399 555 481 600 δύο
512 556 726 615 μοιράων,
757 557 940 619 τριτάτη
971 557 1011 603 δ’
1040 560 1103 603 ἔτι
1133 564 1271 618 μοῖρα
1301 560 1538 605 λέλειπται.

188 628 239 675 11.
273 628 313 681 δ,
349 628 450 672 170.

367 699 417 747 αἴ
444 716 494 745 κε
523 702 668 762 θάνῃς
696 702 770 748 καὶ
800 710 961 763 μοῖραν
994 703 1245 766 ἀναπλήσῃς
1274 706 1445 763 βιότοιο

190 773 265 819 illo
305 774 401 820 loeo
439 774 566 820 tertia
603 776 742 821 noctis
778 790 894 835 pars,
938 777 1022 823 hoe
1048 791 1152 823 vero
1186 778 1304 823 vitae
1339 778 1490 837 portio,
1533 791 1663 836 quam

192 845 373 903 quisque
421 847 595 894 sortitus
638 854 717 906 est,
766 849 1043 906 significatur.
1114 853 1347 896 Praeterea
1393 851 1667 897 conferantur

124 968 126 970 ,
192 917 316 976 haee,
366 933 479 976 quae
518 921 771 979 saepissime
815 923 858 967 in
897 923 1072 968 Homeri
1115 924 1372 969 earmInibus
1418 927 1664 968 occurrunt:

193 991 342 1051 ληῖδος
388 987 504 1047 αἶσα,
554 993 731 1046 ἐλπίδος
773 991 893 1053 αἶσα;
956 996 1145 1041 nondum
1181 997 1319 1042 omnis
1365 1008 1468 1054 spes
1515 999 1668 1053 erepta

194 1068 279 1121 θεὶς
328 1065 562 1121 σπλάγνων
599 1070 770 1127 μοίρας,
808 1074 943 1127 μοῖρα
979 1069 1122 1128 χώρας
1160 1074 1290 1126 atque
1328 1068 1496 1114 similia.
1559 1067 1668 1119 Inde

194 1137 357 1186 exstitit
410 1138 559 1197 justae
605 1146 648 1184 et
700 1141 871 1186 debitae
923 1143 1058 1199 partis
1119 1142 1373 1199 significatio
1433 1154 1487 1185 ao
1550 1140 1667 1185 notio

193 1208 302 1267 ejus,
350 1211 466 1267 quod
513 1216 661 1269 aptum
699 1219 742 1259 et
787 1227 972 1272 aequum
1011 1221 1078 1261 est
1114 1215 1206 1260 sive
1243 1213 1358 1272 quod
1395 1212 1532 1258 decet.
1595 1211 1669 1257 Sio

196 1283 450 1340 saepissime
488 1286 691 1329 occurrit:
748 1287 796 1331 ἐν
832 1290 966 1349 μοίρῃ
1003 1288 1162 1333 dietum
1201 1287 1257 1332 de
1294 1300 1359 1344 eo,
1399 1285 1515 1343 quod
1552 1289 1670 1330 reete

196 1355 338 1411 agitur
384 1361 429 1402 et
475 1358 587 1403 κατὰ
623 1365 784 1419 μοῖραν
822 1361 1036 1418 siguificat
1071 1361 1118 1406 id
1154 1360 1269 1417 quod
1312 1359 1450 1404 deoet.
1519 1358 1669 1415 Neque

196 1427 285 1474 alia
322 1433 389 1475 est
426 1431 536 1476 ratio
567 1434 888 1491 vocabulorum,
928 1447 1040 1490 quae
1071 1448 1100 1477 a
1129 1445 1238 1478 voce
1269 1427 1371 1476 αἶσα
1402 1431 1668 1475 derivantur:

198 1500 386 1558 αἴσιμος,
419 1502 643 1561 ἐναίσιμος
672 1531 731 1537 —-—
764 1507 962 1559 ἐξαίσιος.
1025 1508 1177 1563 Itaque
1215 1506 1346 1550 τοῦτο
1378 1502 1415 1561 y'
1443 1504 1671 1559 ἐναίσιμον

198 1573 278 1621 οὐκ
325 1575 508 1635 ἐνόησεν
546 1577 700 1622 eodem
739 1592 870 1624 sensu
909 1579 1068 1624 dietum
1107 1583 1185 1635 est,
1234 1592 1318 1634 quo
1356 1577 1469 1622 κατά
1510 1582 1672 1635 μοῖραν

198 1648 381 1708 ἐνόησεν
419 1666 480 1684 z
518 1655 758 1708 opportune
795 1650 895 1710 (od.
936 1654 977 1709 β,
1020 1650 1125 1711 122)
1164 1651 1300 1695 ταῦτα
1337 1651 1493 1707 αἴσιμα
1531 1644 1671 1701 alnes.-

199 1736 305 1768 vera
342 1722 450 1769 diois
481 1723 574 1768 sive
604 1724 650 1769 id
688 1724 804 1781 quod
836 1729 1122 1783 opportunum
1154 1729 1232 1770 est.
1295 1726 1390 1772 Rex
1427 1723 1674 1769 moderatus

199 1810 254 1841 ae
292 1796 505 1853 benignus
543 1796 697 1853 αἴσιμα
733 1797 872 1851 εἰδώς,
911 1797 1095 1856 injustus
1126 1811 1228 1843 vero
1269 1796 1395 1858 ῥέξας
1429 1796 1505 1841 καὶ
1534 1795 1672 1843 εἰπών

201 1870 395 1924 ἐξαίσιον
433 1874 614 1915 vocatur
650 1870 745 1930 (cfr.
784 1871 834 1916 Il.
870 1873 904 1925 ζ,
945 1873 1060 1917 521.’
1099 1870 1180 1916 od.
1212 1890 1253 1925 κ,
1291 1869 1403 1929 383)
1442 1868 1543 1915 οὔτε
1573 1867 1675 1914 τινὰ

200 1942 325 2002 ῥέξας
363 1943 554 1995 ἐξαίσιον
564 1962 577 1986 .·
630 1956 770 2000 neque
810 1943 1004 1988 afficiens
1042 1944 1228 2000 aliquem
1267 1943 1424 2002 injuria
1460 1941 1556 2001 (eft.
1591 1939 1672 1986 od.

201 2019 242 2072 δ,
275 2015 397 2075 690).

323 2090 421 2134 Non
459 2101 630 2147 semper
673 2093 816 2135 autem
863 2102 975 2146 quae
1021 2089 1194 2134 modum
1241 2088 1467 2144 exeedunt,
1515 2087 1676 2145 injusta

202 2168 314 2220 sunt,
349 2162 428 2208 sed
458 2174 699 2221 permagna
719 2166 762 2206 et
792 2163 958 2220 gravia,
991 2176 1076 2219 quo
1098 2175 1229 2208 sensu
1255 2166 1462 2220 usurpata
1494 2165 1561 2205 est
1591 2172 1676 2203 vox

203 2237 455 2292 ,,ἐξαίσιον“
498 2235 548 2279 11.
596 2251 635 2288 ο,
688 2234 792 2289 598,
843 2235 914 2279 ubi
959 2234 1153 2280 Thetidis
1201 2231 1314 2295 ἀρὴν
1366 2238 1497 2293 poeta
1549 2235 1678 2277 vocat

203 2308 408 2364 ἐξαίσιον,
447 2309 476 2352 i.
511 2322 549 2352 e.
573 2321 765 2365 gravem,
797 2308 993 2367 μεγάλην
1025 2308 1126 2364 quia
1156 2308 1505 2364 gravissimarum
1537 2318 1676 2351 rerum

205 2396 340 2429 eausa
377 2380 552 2425 exstitit.
617 2379 712 2433 Quo
759 2385 802 2425 et
839 2381 889 2424 11.
928 2395 968 2438 ρ,
1019 2380 1105 2427 577
1155 2379 1340 2437 pertinet
1378 2368 1407 2439 ἦ
1441 2377 1543 2423 τινά
1589 2390 1678 2419 που

205 2459 350 2506 δείσας
381 2454 572 2505 ἐξαίσιον
582 2472 595 2495 .·
642 2454 741 2510 plus
767 2453 885 2510 justo
919 2453 1011 2497 sive
1041 2452 1180 2496 nimis.

328 2525 419 2572 Sed
450 2525 707 2584 saepissime
735 2530 870 2584 μοῖρα
903 2529 946 2570 et
978 2520 1079 2569 αἶσα
1111 2523 1167 2568 de
1198 2524 1264 2581 iis,
1297 2535 1411 2581 quae
1441 2520 1680 2568 hominibus

206 2602 297 2646 fato
345 2600 564 2646 destinata
608 2603 719 2655 sunt,
771 2598 970 2655 usurpari
1017 2598 1175 2653 solent3
1239 2608 1521 2653 quaeeunque
1567 2593 1680 2640 enim

207 2673 461 2720 mortalibus
508 2672 601 2717 sive
648 2671 840 2717 secunda
883 2671 975 2716 sive
1023 2669 1211 2715 adversa
1258 2668 1473 2725 eveniunt,
1520 2670 1681 2724 μοῖραν

209 2760 355 2791 eorum
387 2744 580 2789 nominat
610 2746 835 2789 Homerus.
884 2744 954 2788 Ad
984 2755 1216 2801 prosperas
1248 2754 1318 2787 res
1350 2744 1522 2798 spectat
1548 2742 1682 2795 μοιρα

211 2818 292 2863 Od
326 2834 367 2872 v,
402 2819 459 2863 76
492 2817 561 2864 oui
591 2817 792 2876 opposita
824 2820 890 2864 est
921 2813 1137 2875 ἅμμορίαε
