1804 3088
875 120 932 169 13

172 262 369 319 legimus.
421 259 564 315 Atque
601 259 638 303 si
674 258 720 302 id
757 256 872 313 quod
910 257 1121 313 cupiebat,
1170 269 1198 299 a
1243 261 1366 313 patre
1405 257 1634 314 impetrare

173 347 261 380 non
288 330 439 390 potuit,
472 330 600 374 nullis
620 330 665 373 in
692 341 788 374 eum
811 327 1013 372 conviciis
1034 328 1240 385 pepercit,
1272 328 1343 371 vel
1364 333 1635 385 praesentem

172 408 396 462 increpare
440 416 527 448 non
574 414 696 459 ausa,
744 401 786 445 in
825 400 1047 445 absentem
1087 412 1139 443 eo
1176 399 1371 444 licentius
1409 402 1637 458 opprobria

173 476 283 523 fudit
312 474 389 520 cfr.
421 474 472 519 11.
504 476 553 528 θ,
585 474 694 543 36⁰:

320 547 434 593 ἄλλα
464 546 608 606 πατὴρ
639 544 773 602 οὗμος
804 545 934 604 φρεσὶ
963 546 1165 601 μαίνεται
1196 559 1275 588 ουκ
1307 541 1523 604 αγαθῇσιν

320 621 526 677 σχέτλιος,
558 617 654 664 αἰὲν
686 616 860 678 οἷλιτρὸς
890 618 1008 675 ἐμῶν
1038 620 1205 674 μενέων
1238 615 1474 676 απερωεύς.

295 693 436 746 Quam
465 693 681 737 licentiam
711 705 841 748 quum
872 704 1001 735 carae
1031 690 1147 734 filiae
1167 691 1365 747 Juppiter
1384 689 1637 746 indulgeret,

174 780 226 812 eo
258 765 470 810 audaciae
500 776 732 822 progressa
762 768 841 820 est,
873 767 921 807 ut
941 762 1133 819 Graecis,
1162 763 1256 819 jam
1272 762 1447 806 Hectori
1472 762 1639 819 ipsique

173 838 301 884 Marti
337 837 598 894 cedentibus,
647 836 851 880 auxilium
885 836 1028 879 latura
1060 834 1196 892 patris
1229 833 1425 891 indueret
1461 834 1638 878 loricam

176 914 220 954 et
245 909 365 954 Jovis
395 909 531 966 ipsius
562 909 691 952 armis
722 920 803 951 usa
822 911 992 950 tonaret
1012 906 1274 962 fulminaque
1296 907 1519 962 emitteret,
1553 919 1639 961 qua

174 982 219 1026 in
248 994 295 1025 re
319 979 470 1039 adjuta
491 983 558 1025 est
576 980 632 1024 ab
654 979 836 1025 Junone.
886 977 973 1024 Cfr.
998 978 1048 1023 Il.
1071 994 1106 1032 ε,
1141 978 1242 1023 735.
1275 980 1321 1036 θ,
1355 978 1457 1023 387.
1491 978 1530 1031 λ,
1562 977 1637 1022 45.

177 1053 316 1106 Quam
369 1054 423 1097 ob
469 1066 560 1097 rem
608 1065 737 1109 quum
782 1052 897 1096 Mars
944 1052 1096 1095 Jovem
1143 1050 1478 1108 reprehenderet
1523 1051 1638 1106 quod

175 1138 393 1183 nunquam
399 1125 619 1171 Minervae
633 1123 850 1169 licentiam
867 1127 1083 1168 coerceret
1098 1123 1221 1180 eique
1228 1123 1371 1168 omnia
1381 1122 1636 1180 indulgeret,

122 1189 125 1192 ⁵
175 1198 374 1255 Juppiter
402 1197 635 1255 respondit,
673 1210 771 1241 eum
801 1197 881 1241 sibi
912 1196 1224 1240 odiosissimum
1254 1197 1440 1240 omnium
1463 1196 1638 1240 deorum

176 1281 287 1327 esse,
319 1269 436 1326 quod
465 1282 634 1327 semper
663 1268 765 1313 belli
795 1267 974 1325 gerendi
1005 1268 1237 1325 cupiditate
1267 1268 1485 1326 flagraret.
1549 1268 1635 1313 Cfr.

174 1342 226 1387 11.
259 1357 297 1395 ε,
329 1343 431 1386 890.
494 1341 583 1386 Sed
613 1355 699 1385 non
730 1341 868 1385 solum
898 1340 1025 1397 hujus
1057 1340 1127 1384 dei
1158 1341 1355 1396 querelas
1375 1340 1638 1396 Venerisque

176 1413 492 1473 exprobrantis,
543 1412 658 1470 quod
706 1413 940 1458 Minervam
964 1412 1098 1472 ⁴bello
1141 1411 1348 1457 interesse
1394 1411 1634 1469 dedeceret,

175 1487 337 1545 rejecit,
383 1486 461 1531 sed
497 1486 627 1530 etiam
672 1485 782 1529 alias
827 1484 959 1527 filiam
997 1488 1176 1541 paterno
1208 1497 1354 1528 amore
1399 1489 1634 1528 commotus

176 1560 230 1604 ab
262 1559 440 1603 aliorum
463 1557 639 1602 deorum
663 1555 899 1614 opprobriis
918 1555 1121 1599 defendit.
1168 1556 1471 1600 Verumtamen
1494 1556 1635 1600 acrius

176 1630 385 1676 interdum
421 1630 690 1675 resistentem
728 1642 776 1673 se
812 1628 1056 1686 puniturum
1092 1641 1190 1672 esse
1228 1628 1424 1672 minatur.
1495 1628 1634 1681 Quum

176 1703 288 1747 enim
310 1703 421 1748 Jove
440 1702 572 1746 invito
594 1702 706 1746 Juno
729 1705 772 1744 et
791 1701 985 1744 Minerva
1000 1700 1043 1743 in
1066 1713 1256 1757 pugnam
1273 1713 1320 1744 se
1343 1701 1633 1757 contulissent,

174 1774 283 1819 deas
328 1788 357 1819 a
402 1773 632 1819 certamine
685 1774 905 1818 revocavit
950 1777 1079 1828 atque
1118 1772 1395 1817 acerbissima
1434 1772 1637 1818 deterruit

174 1846 380 1903 oratione,
411 1846 454 1890 in
486 1858 573 1902 qua
603 1849 796 1889 extrema
826 1844 933 1888 dixit
961 1844 1092 1888 haec:

321 1917 426 1963 οὐδέ
453 1934 530 1963 κεν
560 1917 604 1968 ἐς
635 1916 841 1968 δεκάτους
870 1917 1257 1976 περιτελλομένους
1287 1917 1512 1968 ἐνιαυτούς

320 1990 431 2036 ἕλκε’
455 1989 814 2050 ἀπαλθήσεσθον,
848 1986 953 2034 ἇκεν
983 1989 1205 2049 μάρπτῃσι
1235 1989 1459 2049 κεραυνός·

318 2062 420 2123 ὄφρ’
449 2063 546 2123 εἰδῇ
575 2062 832 2119 γλαυκῶπις,
865 2059 931 2106 ον’
960 2058 1015 2106 ἂν
1047 2061 1082 2120 ᾧ
1112 2062 1247 2122 πατρὶ
1276 2063 1480 2123 μάχηται.

174 2135 261 2181 Gfr.
293 2137 344 2181 Il.
375 2139 423 2192 θ,
454 2137 558 2183 404.
621 2136 700 2182 His
721 2136 961 2182 maledictis
983 2136 1164 2181 attonita
1190 2141 1292 2181 tunc
1312 2135 1485 2194 quidem
1506 2136 1639 2181 tacuit

174 2209 380 2265 Minerva,
436 2209 514 2254 sed
552 2211 647 2267 Jam
692 2212 823 2253 antea
874 2209 1009 2266 patris
1053 2209 1162 2252 iram
1209 2209 1291 2253 cito
1338 2208 1636 2253 defervescere

174 2280 279 2326 satis
317 2286 496 2338 experta
540 2282 699 2326 Junoni
743 2280 921 2336 dixerat,
967 2279 1035 2339 (Il.
1085 2284 1132 2334 θ,
1177 2278 1287 2339 373)
1335 2294 1382 2325 se
1421 2281 1465 2324 in
1503 2281 1637 2337 patris

173 2353 358 2410 gratiam
401 2353 634 2399 redituram
678 2358 721 2397 et
766 2357 934 2410 tempus
972 2366 1059 2397 non
1099 2352 1267 2409 defore,
1320 2366 1404 2409 quo
1440 2352 1638 2411 Juppiter

172 2425 311 2484 ipsam
353 2426 488 2485 φίλην
527 2426 822 2471 Γλαυκώπιδα
853 2425 1149 2483 appellaturus
1186 2429 1314 2470 esset.
1378 2426 1636 2469 Persuasum
1708 2422 1713 2427 '

172 2497 300 2555 igitur
329 2498 371 2544 ei
399 2499 491 2557 fuit,
538 2504 717 2557 paterno
749 2497 883 2553 amori
920 2497 1063 2542 odium
1094 2498 1242 2556 paullo
1273 2501 1372 2555 post
1403 2510 1634 2554 cessurum,

173 2583 306 2628 seque
345 2572 486 2631 ipsam
522 2571 653 2618 officii
696 2570 885 2628 neglecti
930 2570 1103 2616 veniam
1155 2583 1252 2616 esse
1297 2569 1631 2628 impetraturam.

173 2642 231 2687 At
262 2644 299 2688 si
329 2645 558 2702 quaeritur,
597 2643 700 2700 quid
731 2644 798 2701 sit,
832 2657 907 2688 cur
936 2643 1132 2700 quotiens
1161 2642 1251 2686 filia
1281 2647 1447 2699 peccet,
1479 2643 1635 2688 totiens

173 2713 217 2757 in
254 2717 389 2771 patris
435 2717 619 2773 gratiam
654 2716 905 2773 recipiatur,
943 2716 1026 2761 hoc
1061 2715 1247 2759 maxime
1283 2714 1515 2759 tenendum
1554 2720 1633 2771 est,
